%YAML 1.1
%TAG !u! tag:unity3d.com,2011:
--- !u!1 &1512105005304825171
GameObject:
  m_ObjectHideFlags: 0
  m_CorrespondingSourceObject: {fileID: 0}
  m_PrefabInstance: {fileID: 0}
  m_PrefabAsset: {fileID: 0}
  serializedVersion: 6
  m_Component:
  - component: {fileID: 1512105005304825168}
  m_Layer: 0
  m_Name: Bedroom1x1(1)
  m_TagString: Untagged
  m_Icon: {fileID: 0}
  m_NavMeshLayer: 0
  m_StaticEditorFlags: 4294967295
  m_IsActive: 1
--- !u!4 &1512105005304825168
Transform:
  m_ObjectHideFlags: 0
  m_CorrespondingSourceObject: {fileID: 0}
  m_PrefabInstance: {fileID: 0}
  m_PrefabAsset: {fileID: 0}
  m_GameObject: {fileID: 1512105005304825171}
  m_LocalRotation: {x: 0, y: 0.7071068, z: 0, w: 0.7071068}
  m_LocalPosition: {x: 49.72262, y: -0.009119034, z: 5.0000014}
  m_LocalScale: {x: 1, y: 1, z: 1}
  m_Children:
  - {fileID: 1512105005760441584}
  - {fileID: 1512105005382402638}
  - {fileID: 3185975253707552947}
  - {fileID: 3185975252969167274}
  - {fileID: 799030635775901992}
  m_Father: {fileID: 0}
  m_RootOrder: 0
  m_LocalEulerAnglesHint: {x: 0, y: 90, z: 0}
--- !u!1 &1512105005382402673
GameObject:
  m_ObjectHideFlags: 0
  m_CorrespondingSourceObject: {fileID: 0}
  m_PrefabInstance: {fileID: 0}
  m_PrefabAsset: {fileID: 0}
  serializedVersion: 6
  m_Component:
  - component: {fileID: 1512105005382402638}
  m_Layer: 0
  m_Name: Walls
  m_TagString: Untagged
  m_Icon: {fileID: 0}
  m_NavMeshLayer: 0
  m_StaticEditorFlags: 4294967295
  m_IsActive: 1
--- !u!4 &1512105005382402638
Transform:
  m_ObjectHideFlags: 0
  m_CorrespondingSourceObject: {fileID: 0}
  m_PrefabInstance: {fileID: 0}
  m_PrefabAsset: {fileID: 0}
  m_GameObject: {fileID: 1512105005382402673}
  m_LocalRotation: {x: -0, y: -0, z: -0, w: 1}
  m_LocalPosition: {x: 0, y: 0, z: 0}
  m_LocalScale: {x: 1, y: 1, z: 1}
  m_Children:
  - {fileID: 562765110102565287}
  - {fileID: 562765110546947029}
  - {fileID: 562765109235374821}
  m_Father: {fileID: 1512105005304825168}
  m_RootOrder: 1
  m_LocalEulerAnglesHint: {x: 0, y: 0, z: 0}
--- !u!1 &1512105005760441587
GameObject:
  m_ObjectHideFlags: 0
  m_CorrespondingSourceObject: {fileID: 0}
  m_PrefabInstance: {fileID: 0}
  m_PrefabAsset: {fileID: 0}
  serializedVersion: 6
  m_Component:
  - component: {fileID: 1512105005760441584}
  m_Layer: 0
  m_Name: Floors
  m_TagString: Untagged
  m_Icon: {fileID: 0}
  m_NavMeshLayer: 0
  m_StaticEditorFlags: 4294967295
  m_IsActive: 1
--- !u!4 &1512105005760441584
Transform:
  m_ObjectHideFlags: 0
  m_CorrespondingSourceObject: {fileID: 0}
  m_PrefabInstance: {fileID: 0}
  m_PrefabAsset: {fileID: 0}
  m_GameObject: {fileID: 1512105005760441587}
  m_LocalRotation: {x: -0, y: -0, z: -0, w: 1}
  m_LocalPosition: {x: 0, y: 0, z: 0}
  m_LocalScale: {x: 1, y: 1, z: 1}
  m_Children:
  - {fileID: 1507922137958075360}
  m_Father: {fileID: 1512105005304825168}
  m_RootOrder: 0
  m_LocalEulerAnglesHint: {x: 0, y: 0, z: 0}
--- !u!1 &3185975252969167275
GameObject:
  m_ObjectHideFlags: 0
  m_CorrespondingSourceObject: {fileID: 0}
  m_PrefabInstance: {fileID: 0}
  m_PrefabAsset: {fileID: 0}
  serializedVersion: 6
  m_Component:
  - component: {fileID: 3185975252969167274}
  m_Layer: 0
  m_Name: Door
  m_TagString: Untagged
  m_Icon: {fileID: 0}
  m_NavMeshLayer: 0
  m_StaticEditorFlags: 4294967295
  m_IsActive: 1
--- !u!4 &3185975252969167274
Transform:
  m_ObjectHideFlags: 0
  m_CorrespondingSourceObject: {fileID: 0}
  m_PrefabInstance: {fileID: 0}
  m_PrefabAsset: {fileID: 0}
  m_GameObject: {fileID: 3185975252969167275}
  m_LocalRotation: {x: -0, y: -0, z: -0, w: 1}
  m_LocalPosition: {x: -2.508381, y: 1.6781728, z: -2.8033447}
  m_LocalScale: {x: 1, y: 1, z: 1}
  m_Children: []
  m_Father: {fileID: 1512105005304825168}
  m_RootOrder: 3
  m_LocalEulerAnglesHint: {x: 0, y: 0, z: 0}
--- !u!1 &3185975253707552944
GameObject:
  m_ObjectHideFlags: 0
  m_CorrespondingSourceObject: {fileID: 0}
  m_PrefabInstance: {fileID: 0}
  m_PrefabAsset: {fileID: 0}
  serializedVersion: 6
  m_Component:
  - component: {fileID: 3185975253707552947}
  m_Layer: 0
  m_Name: Props
  m_TagString: Untagged
  m_Icon: {fileID: 0}
  m_NavMeshLayer: 0
  m_StaticEditorFlags: 4294967295
  m_IsActive: 1
--- !u!4 &3185975253707552947
Transform:
  m_ObjectHideFlags: 0
  m_CorrespondingSourceObject: {fileID: 0}
  m_PrefabInstance: {fileID: 0}
  m_PrefabAsset: {fileID: 0}
  m_GameObject: {fileID: 3185975253707552944}
  m_LocalRotation: {x: -0, y: -0, z: -0, w: 1}
  m_LocalPosition: {x: -0.8889351, y: 0.04988849, z: -1.7690201}
  m_LocalScale: {x: 1, y: 1, z: 1}
  m_Children:
  - {fileID: 2423163445511628276}
  - {fileID: 2431696879435998833}
  - {fileID: 2431594420315700093}
  - {fileID: 2431576832907980519}
  m_Father: {fileID: 1512105005304825168}
  m_RootOrder: 2
  m_LocalEulerAnglesHint: {x: 0, y: 0, z: 0}
--- !u!1001 &1512105005597662845
PrefabInstance:
  m_ObjectHideFlags: 0
  serializedVersion: 2
  m_Modification:
    m_TransformParent: {fileID: 1512105005382402638}
    m_Modifications:
    - target: {fileID: 1383524960798524568, guid: 4f9948e8f1c4c454b9e81792f10a32ec, type: 3}
      propertyPath: m_RootOrder
      value: 2
      objectReference: {fileID: 0}
    - target: {fileID: 1383524960798524568, guid: 4f9948e8f1c4c454b9e81792f10a32ec, type: 3}
      propertyPath: m_LocalPosition.x
      value: -5.0120463
      objectReference: {fileID: 0}
    - target: {fileID: 1383524960798524568, guid: 4f9948e8f1c4c454b9e81792f10a32ec, type: 3}
      propertyPath: m_LocalPosition.y
      value: 0
      objectReference: {fileID: 0}
    - target: {fileID: 1383524960798524568, guid: 4f9948e8f1c4c454b9e81792f10a32ec, type: 3}
      propertyPath: m_LocalPosition.z
      value: -4.9902773
      objectReference: {fileID: 0}
    - target: {fileID: 1383524960798524568, guid: 4f9948e8f1c4c454b9e81792f10a32ec, type: 3}
      propertyPath: m_LocalRotation.w
      value: 0.7071068
      objectReference: {fileID: 0}
    - target: {fileID: 1383524960798524568, guid: 4f9948e8f1c4c454b9e81792f10a32ec, type: 3}
      propertyPath: m_LocalRotation.x
      value: -0
      objectReference: {fileID: 0}
    - target: {fileID: 1383524960798524568, guid: 4f9948e8f1c4c454b9e81792f10a32ec, type: 3}
      propertyPath: m_LocalRotation.y
      value: 0.7071068
      objectReference: {fileID: 0}
    - target: {fileID: 1383524960798524568, guid: 4f9948e8f1c4c454b9e81792f10a32ec, type: 3}
      propertyPath: m_LocalRotation.z
      value: -0
      objectReference: {fileID: 0}
    - target: {fileID: 1383524960798524568, guid: 4f9948e8f1c4c454b9e81792f10a32ec, type: 3}
      propertyPath: m_LocalEulerAnglesHint.x
      value: 0
      objectReference: {fileID: 0}
    - target: {fileID: 1383524960798524568, guid: 4f9948e8f1c4c454b9e81792f10a32ec, type: 3}
      propertyPath: m_LocalEulerAnglesHint.y
      value: 90
      objectReference: {fileID: 0}
    - target: {fileID: 1383524960798524568, guid: 4f9948e8f1c4c454b9e81792f10a32ec, type: 3}
      propertyPath: m_LocalEulerAnglesHint.z
      value: 0
      objectReference: {fileID: 0}
    - target: {fileID: 3173993982226097777, guid: 4f9948e8f1c4c454b9e81792f10a32ec, type: 3}
      propertyPath: m_StaticEditorFlags
      value: 4294967295
      objectReference: {fileID: 0}
    - target: {fileID: 3177489355881580965, guid: 4f9948e8f1c4c454b9e81792f10a32ec, type: 3}
      propertyPath: m_LocalPosition.x
      value: 0
      objectReference: {fileID: 0}
    - target: {fileID: 3177489355881580965, guid: 4f9948e8f1c4c454b9e81792f10a32ec, type: 3}
      propertyPath: m_LocalPosition.z
      value: 0
      objectReference: {fileID: 0}
    - target: {fileID: 6885832046363063544, guid: 4f9948e8f1c4c454b9e81792f10a32ec, type: 3}
      propertyPath: m_Name
      value: Wall_01 (11)
      objectReference: {fileID: 0}
    - target: {fileID: 6885832046363063544, guid: 4f9948e8f1c4c454b9e81792f10a32ec, type: 3}
      propertyPath: m_StaticEditorFlags
      value: 4294967295
      objectReference: {fileID: 0}
    m_RemovedComponents: []
  m_SourcePrefab: {fileID: 100100000, guid: 4f9948e8f1c4c454b9e81792f10a32ec, type: 3}
--- !u!4 &562765109235374821 stripped
Transform:
  m_CorrespondingSourceObject: {fileID: 1383524960798524568, guid: 4f9948e8f1c4c454b9e81792f10a32ec, type: 3}
  m_PrefabInstance: {fileID: 1512105005597662845}
  m_PrefabAsset: {fileID: 0}
--- !u!1001 &1512105005843881805
PrefabInstance:
  m_ObjectHideFlags: 0
  serializedVersion: 2
  m_Modification:
    m_TransformParent: {fileID: 1512105005382402638}
    m_Modifications:
    - target: {fileID: 1383524960798524568, guid: 4f9948e8f1c4c454b9e81792f10a32ec, type: 3}
      propertyPath: m_RootOrder
      value: 1
      objectReference: {fileID: 0}
    - target: {fileID: 1383524960798524568, guid: 4f9948e8f1c4c454b9e81792f10a32ec, type: 3}
      propertyPath: m_LocalPosition.x
      value: -5.0120444
      objectReference: {fileID: 0}
    - target: {fileID: 1383524960798524568, guid: 4f9948e8f1c4c454b9e81792f10a32ec, type: 3}
      propertyPath: m_LocalPosition.y
      value: 0
      objectReference: {fileID: 0}
    - target: {fileID: 1383524960798524568, guid: 4f9948e8f1c4c454b9e81792f10a32ec, type: 3}
      propertyPath: m_LocalPosition.z
      value: 0.009728551
      objectReference: {fileID: 0}
    - target: {fileID: 1383524960798524568, guid: 4f9948e8f1c4c454b9e81792f10a32ec, type: 3}
      propertyPath: m_LocalRotation.w
      value: 0
      objectReference: {fileID: 0}
    - target: {fileID: 1383524960798524568, guid: 4f9948e8f1c4c454b9e81792f10a32ec, type: 3}
      propertyPath: m_LocalRotation.x
      value: -0
      objectReference: {fileID: 0}
    - target: {fileID: 1383524960798524568, guid: 4f9948e8f1c4c454b9e81792f10a32ec, type: 3}
      propertyPath: m_LocalRotation.y
      value: 1
      objectReference: {fileID: 0}
    - target: {fileID: 1383524960798524568, guid: 4f9948e8f1c4c454b9e81792f10a32ec, type: 3}
      propertyPath: m_LocalRotation.z
      value: -0
      objectReference: {fileID: 0}
    - target: {fileID: 1383524960798524568, guid: 4f9948e8f1c4c454b9e81792f10a32ec, type: 3}
      propertyPath: m_LocalEulerAnglesHint.x
      value: 0
      objectReference: {fileID: 0}
    - target: {fileID: 1383524960798524568, guid: 4f9948e8f1c4c454b9e81792f10a32ec, type: 3}
      propertyPath: m_LocalEulerAnglesHint.y
      value: 180
      objectReference: {fileID: 0}
    - target: {fileID: 1383524960798524568, guid: 4f9948e8f1c4c454b9e81792f10a32ec, type: 3}
      propertyPath: m_LocalEulerAnglesHint.z
      value: 0
      objectReference: {fileID: 0}
    - target: {fileID: 3173993982226097777, guid: 4f9948e8f1c4c454b9e81792f10a32ec, type: 3}
      propertyPath: m_StaticEditorFlags
      value: 4294967295
      objectReference: {fileID: 0}
    - target: {fileID: 3177489355881580965, guid: 4f9948e8f1c4c454b9e81792f10a32ec, type: 3}
      propertyPath: m_LocalPosition.x
      value: 0
      objectReference: {fileID: 0}
    - target: {fileID: 3177489355881580965, guid: 4f9948e8f1c4c454b9e81792f10a32ec, type: 3}
      propertyPath: m_LocalPosition.z
      value: 0
      objectReference: {fileID: 0}
    - target: {fileID: 6885832046363063544, guid: 4f9948e8f1c4c454b9e81792f10a32ec, type: 3}
      propertyPath: m_Name
      value: Wall_01 (7)
      objectReference: {fileID: 0}
    - target: {fileID: 6885832046363063544, guid: 4f9948e8f1c4c454b9e81792f10a32ec, type: 3}
      propertyPath: m_StaticEditorFlags
      value: 4294967295
      objectReference: {fileID: 0}
    m_RemovedComponents: []
  m_SourcePrefab: {fileID: 100100000, guid: 4f9948e8f1c4c454b9e81792f10a32ec, type: 3}
--- !u!4 &562765110546947029 stripped
Transform:
  m_CorrespondingSourceObject: {fileID: 1383524960798524568, guid: 4f9948e8f1c4c454b9e81792f10a32ec, type: 3}
  m_PrefabInstance: {fileID: 1512105005843881805}
  m_PrefabAsset: {fileID: 0}
--- !u!1001 &1512105006231856246
PrefabInstance:
  m_ObjectHideFlags: 0
  serializedVersion: 2
  m_Modification:
    m_TransformParent: {fileID: 1512105005760441584}
    m_Modifications:
    - target: {fileID: 1182560378374930, guid: ba8c17098e39a004d8754f7823b7bcc7, type: 3}
      propertyPath: m_Name
      value: SM_Bld_Floor_010 (7)
      objectReference: {fileID: 0}
    - target: {fileID: 1182560378374930, guid: ba8c17098e39a004d8754f7823b7bcc7, type: 3}
      propertyPath: m_StaticEditorFlags
      value: 4294967295
      objectReference: {fileID: 0}
    - target: {fileID: 4824984152862614, guid: ba8c17098e39a004d8754f7823b7bcc7, type: 3}
      propertyPath: m_RootOrder
      value: 0
      objectReference: {fileID: 0}
    - target: {fileID: 4824984152862614, guid: ba8c17098e39a004d8754f7823b7bcc7, type: 3}
      propertyPath: m_LocalPosition.x
      value: -0.012046814
      objectReference: {fileID: 0}
    - target: {fileID: 4824984152862614, guid: ba8c17098e39a004d8754f7823b7bcc7, type: 3}
      propertyPath: m_LocalPosition.y
      value: 0
      objectReference: {fileID: 0}
    - target: {fileID: 4824984152862614, guid: ba8c17098e39a004d8754f7823b7bcc7, type: 3}
      propertyPath: m_LocalPosition.z
      value: 0.011959076
      objectReference: {fileID: 0}
    - target: {fileID: 4824984152862614, guid: ba8c17098e39a004d8754f7823b7bcc7, type: 3}
      propertyPath: m_LocalRotation.w
      value: 0.7071068
      objectReference: {fileID: 0}
    - target: {fileID: 4824984152862614, guid: ba8c17098e39a004d8754f7823b7bcc7, type: 3}
      propertyPath: m_LocalRotation.x
      value: 0
      objectReference: {fileID: 0}
    - target: {fileID: 4824984152862614, guid: ba8c17098e39a004d8754f7823b7bcc7, type: 3}
      propertyPath: m_LocalRotation.y
      value: -0.7071068
      objectReference: {fileID: 0}
    - target: {fileID: 4824984152862614, guid: ba8c17098e39a004d8754f7823b7bcc7, type: 3}
      propertyPath: m_LocalRotation.z
      value: 0
      objectReference: {fileID: 0}
    - target: {fileID: 4824984152862614, guid: ba8c17098e39a004d8754f7823b7bcc7, type: 3}
      propertyPath: m_LocalEulerAnglesHint.x
      value: 0
      objectReference: {fileID: 0}
    - target: {fileID: 4824984152862614, guid: ba8c17098e39a004d8754f7823b7bcc7, type: 3}
      propertyPath: m_LocalEulerAnglesHint.y
      value: -90
      objectReference: {fileID: 0}
    - target: {fileID: 4824984152862614, guid: ba8c17098e39a004d8754f7823b7bcc7, type: 3}
      propertyPath: m_LocalEulerAnglesHint.z
      value: 0
      objectReference: {fileID: 0}
    - target: {fileID: 33980234559633644, guid: ba8c17098e39a004d8754f7823b7bcc7, type: 3}
      propertyPath: m_Mesh
      value: 
      objectReference: {fileID: 4300000, guid: 10f7b13cb51b69a4aa120821a37a87a1, type: 3}
    m_RemovedComponents: []
  m_SourcePrefab: {fileID: 100100000, guid: ba8c17098e39a004d8754f7823b7bcc7, type: 3}
--- !u!4 &1507922137958075360 stripped
Transform:
  m_CorrespondingSourceObject: {fileID: 4824984152862614, guid: ba8c17098e39a004d8754f7823b7bcc7, type: 3}
  m_PrefabInstance: {fileID: 1512105006231856246}
  m_PrefabAsset: {fileID: 0}
--- !u!1001 &1512105006473274687
PrefabInstance:
  m_ObjectHideFlags: 0
  serializedVersion: 2
  m_Modification:
    m_TransformParent: {fileID: 1512105005382402638}
    m_Modifications:
    - target: {fileID: 1383524960798524568, guid: 4f9948e8f1c4c454b9e81792f10a32ec, type: 3}
      propertyPath: m_RootOrder
      value: 0
      objectReference: {fileID: 0}
    - target: {fileID: 1383524960798524568, guid: 4f9948e8f1c4c454b9e81792f10a32ec, type: 3}
      propertyPath: m_LocalPosition.x
      value: -0.012046218
      objectReference: {fileID: 0}
    - target: {fileID: 1383524960798524568, guid: 4f9948e8f1c4c454b9e81792f10a32ec, type: 3}
      propertyPath: m_LocalPosition.y
      value: 0
      objectReference: {fileID: 0}
    - target: {fileID: 1383524960798524568, guid: 4f9948e8f1c4c454b9e81792f10a32ec, type: 3}
      propertyPath: m_LocalPosition.z
      value: 0.009728551
      objectReference: {fileID: 0}
    - target: {fileID: 1383524960798524568, guid: 4f9948e8f1c4c454b9e81792f10a32ec, type: 3}
      propertyPath: m_LocalRotation.w
      value: 0.7071068
      objectReference: {fileID: 0}
    - target: {fileID: 1383524960798524568, guid: 4f9948e8f1c4c454b9e81792f10a32ec, type: 3}
      propertyPath: m_LocalRotation.x
      value: -0
      objectReference: {fileID: 0}
    - target: {fileID: 1383524960798524568, guid: 4f9948e8f1c4c454b9e81792f10a32ec, type: 3}
      propertyPath: m_LocalRotation.y
      value: -0.7071068
      objectReference: {fileID: 0}
    - target: {fileID: 1383524960798524568, guid: 4f9948e8f1c4c454b9e81792f10a32ec, type: 3}
      propertyPath: m_LocalRotation.z
      value: -0
      objectReference: {fileID: 0}
    - target: {fileID: 1383524960798524568, guid: 4f9948e8f1c4c454b9e81792f10a32ec, type: 3}
      propertyPath: m_LocalEulerAnglesHint.x
      value: 0
      objectReference: {fileID: 0}
    - target: {fileID: 1383524960798524568, guid: 4f9948e8f1c4c454b9e81792f10a32ec, type: 3}
      propertyPath: m_LocalEulerAnglesHint.y
      value: -90
      objectReference: {fileID: 0}
    - target: {fileID: 1383524960798524568, guid: 4f9948e8f1c4c454b9e81792f10a32ec, type: 3}
      propertyPath: m_LocalEulerAnglesHint.z
      value: 0
      objectReference: {fileID: 0}
    - target: {fileID: 3173993982226097777, guid: 4f9948e8f1c4c454b9e81792f10a32ec, type: 3}
      propertyPath: m_StaticEditorFlags
      value: 4294967295
      objectReference: {fileID: 0}
    - target: {fileID: 3177489355881580965, guid: 4f9948e8f1c4c454b9e81792f10a32ec, type: 3}
      propertyPath: m_LocalPosition.x
      value: 0
      objectReference: {fileID: 0}
    - target: {fileID: 3177489355881580965, guid: 4f9948e8f1c4c454b9e81792f10a32ec, type: 3}
      propertyPath: m_LocalPosition.z
      value: 0
      objectReference: {fileID: 0}
    - target: {fileID: 6885832046363063544, guid: 4f9948e8f1c4c454b9e81792f10a32ec, type: 3}
      propertyPath: m_Name
      value: Wall_01 (3)
      objectReference: {fileID: 0}
    - target: {fileID: 6885832046363063544, guid: 4f9948e8f1c4c454b9e81792f10a32ec, type: 3}
      propertyPath: m_StaticEditorFlags
      value: 4294967295
      objectReference: {fileID: 0}
    m_RemovedComponents: []
  m_SourcePrefab: {fileID: 100100000, guid: 4f9948e8f1c4c454b9e81792f10a32ec, type: 3}
--- !u!4 &562765110102565287 stripped
Transform:
  m_CorrespondingSourceObject: {fileID: 1383524960798524568, guid: 4f9948e8f1c4c454b9e81792f10a32ec, type: 3}
  m_PrefabInstance: {fileID: 1512105006473274687}
  m_PrefabAsset: {fileID: 0}
--- !u!1001 &2427373270903503074
PrefabInstance:
  m_ObjectHideFlags: 0
  serializedVersion: 2
  m_Modification:
    m_TransformParent: {fileID: 3185975253707552947}
    m_Modifications:
    - target: {fileID: 1430482483438252, guid: d1db1db9b2446b34eaaabf3c9a010b89, type: 3}
      propertyPath: m_Name
      value: SM_Prop_Greeble_Panel_03
      objectReference: {fileID: 0}
    - target: {fileID: 1430482483438252, guid: d1db1db9b2446b34eaaabf3c9a010b89, type: 3}
      propertyPath: m_StaticEditorFlags
      value: 4294967295
      objectReference: {fileID: 0}
    - target: {fileID: 4236906838990102, guid: d1db1db9b2446b34eaaabf3c9a010b89, type: 3}
      propertyPath: m_RootOrder
      value: 0
      objectReference: {fileID: 0}
    - target: {fileID: 4236906838990102, guid: d1db1db9b2446b34eaaabf3c9a010b89, type: 3}
      propertyPath: m_LocalScale.y
      value: 0.1
      objectReference: {fileID: 0}
    - target: {fileID: 4236906838990102, guid: d1db1db9b2446b34eaaabf3c9a010b89, type: 3}
      propertyPath: m_LocalScale.z
      value: 2
      objectReference: {fileID: 0}
    - target: {fileID: 4236906838990102, guid: d1db1db9b2446b34eaaabf3c9a010b89, type: 3}
      propertyPath: m_LocalPosition.x
      value: -1.768
      objectReference: {fileID: 0}
    - target: {fileID: 4236906838990102, guid: d1db1db9b2446b34eaaabf3c9a010b89, type: 3}
      propertyPath: m_LocalPosition.y
      value: -0.009429812
      objectReference: {fileID: 0}
    - target: {fileID: 4236906838990102, guid: d1db1db9b2446b34eaaabf3c9a010b89, type: 3}
      propertyPath: m_LocalPosition.z
      value: -0.176
      objectReference: {fileID: 0}
    - target: {fileID: 4236906838990102, guid: d1db1db9b2446b34eaaabf3c9a010b89, type: 3}
      propertyPath: m_LocalRotation.w
      value: 1
      objectReference: {fileID: 0}
    - target: {fileID: 4236906838990102, guid: d1db1db9b2446b34eaaabf3c9a010b89, type: 3}
      propertyPath: m_LocalRotation.x
      value: 0
      objectReference: {fileID: 0}
    - target: {fileID: 4236906838990102, guid: d1db1db9b2446b34eaaabf3c9a010b89, type: 3}
      propertyPath: m_LocalRotation.y
      value: 0
      objectReference: {fileID: 0}
    - target: {fileID: 4236906838990102, guid: d1db1db9b2446b34eaaabf3c9a010b89, type: 3}
      propertyPath: m_LocalRotation.z
      value: 0
      objectReference: {fileID: 0}
    - target: {fileID: 4236906838990102, guid: d1db1db9b2446b34eaaabf3c9a010b89, type: 3}
      propertyPath: m_LocalEulerAnglesHint.x
      value: 0
      objectReference: {fileID: 0}
    - target: {fileID: 4236906838990102, guid: d1db1db9b2446b34eaaabf3c9a010b89, type: 3}
      propertyPath: m_LocalEulerAnglesHint.y
      value: 0
      objectReference: {fileID: 0}
    - target: {fileID: 4236906838990102, guid: d1db1db9b2446b34eaaabf3c9a010b89, type: 3}
      propertyPath: m_LocalEulerAnglesHint.z
      value: 0
      objectReference: {fileID: 0}
    m_RemovedComponents: []
  m_SourcePrefab: {fileID: 100100000, guid: d1db1db9b2446b34eaaabf3c9a010b89, type: 3}
--- !u!4 &2423163445511628276 stripped
Transform:
  m_CorrespondingSourceObject: {fileID: 4236906838990102, guid: d1db1db9b2446b34eaaabf3c9a010b89, type: 3}
  m_PrefabInstance: {fileID: 2427373270903503074}
  m_PrefabAsset: {fileID: 0}
--- !u!1001 &2427373271589758652
PrefabInstance:
  m_ObjectHideFlags: 0
  serializedVersion: 2
  m_Modification:
    m_TransformParent: {fileID: 1512105005304825168}
    m_Modifications:
    - target: {fileID: 1856316353, guid: f9c23ad2ba535e14fbaee338d87eb970, type: 3}
      propertyPath: m_StaticEditorFlags
      value: 4294967295
      objectReference: {fileID: 0}
    - target: {fileID: 247579747621985283, guid: f9c23ad2ba535e14fbaee338d87eb970, type: 3}
      propertyPath: m_StaticEditorFlags
      value: 4294967295
      objectReference: {fileID: 0}
    - target: {fileID: 1281417465164881569, guid: f9c23ad2ba535e14fbaee338d87eb970, type: 3}
      propertyPath: m_StaticEditorFlags
      value: 4294967295
      objectReference: {fileID: 0}
    - target: {fileID: 3078624861400164244, guid: f9c23ad2ba535e14fbaee338d87eb970, type: 3}
      propertyPath: m_RootOrder
      value: 4
      objectReference: {fileID: 0}
    - target: {fileID: 3078624861400164244, guid: f9c23ad2ba535e14fbaee338d87eb970, type: 3}
      propertyPath: m_LocalPosition.x
      value: -2.5120468
      objectReference: {fileID: 0}
    - target: {fileID: 3078624861400164244, guid: f9c23ad2ba535e14fbaee338d87eb970, type: 3}
      propertyPath: m_LocalPosition.y
      value: 0.000000059604645
      objectReference: {fileID: 0}
    - target: {fileID: 3078624861400164244, guid: f9c23ad2ba535e14fbaee338d87eb970, type: 3}
      propertyPath: m_LocalPosition.z
      value: -2.5
      objectReference: {fileID: 0}
    - target: {fileID: 3078624861400164244, guid: f9c23ad2ba535e14fbaee338d87eb970, type: 3}
      propertyPath: m_LocalRotation.w
      value: 1
      objectReference: {fileID: 0}
    - target: {fileID: 3078624861400164244, guid: f9c23ad2ba535e14fbaee338d87eb970, type: 3}
      propertyPath: m_LocalRotation.x
      value: -0
      objectReference: {fileID: 0}
    - target: {fileID: 3078624861400164244, guid: f9c23ad2ba535e14fbaee338d87eb970, type: 3}
      propertyPath: m_LocalRotation.y
      value: -0
      objectReference: {fileID: 0}
    - target: {fileID: 3078624861400164244, guid: f9c23ad2ba535e14fbaee338d87eb970, type: 3}
      propertyPath: m_LocalRotation.z
      value: -0
      objectReference: {fileID: 0}
    - target: {fileID: 3078624861400164244, guid: f9c23ad2ba535e14fbaee338d87eb970, type: 3}
      propertyPath: m_LocalEulerAnglesHint.x
      value: 0
      objectReference: {fileID: 0}
    - target: {fileID: 3078624861400164244, guid: f9c23ad2ba535e14fbaee338d87eb970, type: 3}
      propertyPath: m_LocalEulerAnglesHint.y
      value: 0
      objectReference: {fileID: 0}
    - target: {fileID: 3078624861400164244, guid: f9c23ad2ba535e14fbaee338d87eb970, type: 3}
      propertyPath: m_LocalEulerAnglesHint.z
      value: 0
      objectReference: {fileID: 0}
    - target: {fileID: 5790777735851522610, guid: f9c23ad2ba535e14fbaee338d87eb970, type: 3}
      propertyPath: m_Name
      value: Door (1)
      objectReference: {fileID: 0}
    - target: {fileID: 5790777735851522610, guid: f9c23ad2ba535e14fbaee338d87eb970, type: 3}
      propertyPath: m_IsActive
      value: 1
      objectReference: {fileID: 0}
    - target: {fileID: 5790777735851522610, guid: f9c23ad2ba535e14fbaee338d87eb970, type: 3}
      propertyPath: m_StaticEditorFlags
      value: 4294967295
      objectReference: {fileID: 0}
    - target: {fileID: 8885770936913131592, guid: f9c23ad2ba535e14fbaee338d87eb970, type: 3}
      propertyPath: m_StaticEditorFlags
      value: 4294967295
      objectReference: {fileID: 0}
    - target: {fileID: 8886113498666767266, guid: f9c23ad2ba535e14fbaee338d87eb970, type: 3}
      propertyPath: m_StaticEditorFlags
      value: 4294967295
      objectReference: {fileID: 0}
    m_RemovedComponents: []
  m_SourcePrefab: {fileID: 100100000, guid: f9c23ad2ba535e14fbaee338d87eb970, type: 3}
--- !u!4 &799030635775901992 stripped
Transform:
  m_CorrespondingSourceObject: {fileID: 3078624861400164244, guid: f9c23ad2ba535e14fbaee338d87eb970, type: 3}
  m_PrefabInstance: {fileID: 2427373271589758652}
  m_PrefabAsset: {fileID: 0}
--- !u!1001 &2427373271650891681
PrefabInstance:
  m_ObjectHideFlags: 0
  serializedVersion: 2
  m_Modification:
    m_TransformParent: {fileID: 3185975253707552947}
    m_Modifications:
    - target: {fileID: 1295107415627976, guid: dd61d9e5b2a9c724d871b4746b8c5dd3, type: 3}
      propertyPath: m_Name
      value: SM_Prop_Plant_Vase_01
      objectReference: {fileID: 0}
    - target: {fileID: 4909448863406406, guid: dd61d9e5b2a9c724d871b4746b8c5dd3, type: 3}
      propertyPath: m_RootOrder
      value: 3
      objectReference: {fileID: 0}
    - target: {fileID: 4909448863406406, guid: dd61d9e5b2a9c724d871b4746b8c5dd3, type: 3}
      propertyPath: m_LocalPosition.x
      value: -0.172063
      objectReference: {fileID: 0}
    - target: {fileID: 4909448863406406, guid: dd61d9e5b2a9c724d871b4746b8c5dd3, type: 3}
      propertyPath: m_LocalPosition.y
      value: -0.040769458
      objectReference: {fileID: 0}
    - target: {fileID: 4909448863406406, guid: dd61d9e5b2a9c724d871b4746b8c5dd3, type: 3}
      propertyPath: m_LocalPosition.z
      value: -2.1685987
      objectReference: {fileID: 0}
    - target: {fileID: 4909448863406406, guid: dd61d9e5b2a9c724d871b4746b8c5dd3, type: 3}
      propertyPath: m_LocalRotation.w
      value: 0.7071068
      objectReference: {fileID: 0}
    - target: {fileID: 4909448863406406, guid: dd61d9e5b2a9c724d871b4746b8c5dd3, type: 3}
      propertyPath: m_LocalRotation.x
      value: -0
      objectReference: {fileID: 0}
    - target: {fileID: 4909448863406406, guid: dd61d9e5b2a9c724d871b4746b8c5dd3, type: 3}
      propertyPath: m_LocalRotation.y
      value: -0.7071068
      objectReference: {fileID: 0}
    - target: {fileID: 4909448863406406, guid: dd61d9e5b2a9c724d871b4746b8c5dd3, type: 3}
      propertyPath: m_LocalRotation.z
      value: -0
      objectReference: {fileID: 0}
    - target: {fileID: 4909448863406406, guid: dd61d9e5b2a9c724d871b4746b8c5dd3, type: 3}
      propertyPath: m_LocalEulerAnglesHint.x
      value: 0
      objectReference: {fileID: 0}
    - target: {fileID: 4909448863406406, guid: dd61d9e5b2a9c724d871b4746b8c5dd3, type: 3}
      propertyPath: m_LocalEulerAnglesHint.y
      value: 0
      objectReference: {fileID: 0}
    - target: {fileID: 4909448863406406, guid: dd61d9e5b2a9c724d871b4746b8c5dd3, type: 3}
      propertyPath: m_LocalEulerAnglesHint.z
      value: 0
      objectReference: {fileID: 0}
    m_RemovedComponents: []
  m_SourcePrefab: {fileID: 100100000, guid: dd61d9e5b2a9c724d871b4746b8c5dd3, type: 3}
--- !u!4 &2431576832907980519 stripped
Transform:
  m_CorrespondingSourceObject: {fileID: 4909448863406406, guid: dd61d9e5b2a9c724d871b4746b8c5dd3, type: 3}
  m_PrefabInstance: {fileID: 2427373271650891681}
  m_PrefabAsset: {fileID: 0}
--- !u!1001 &2427373271831784667
PrefabInstance:
  m_ObjectHideFlags: 0
  serializedVersion: 2
  m_Modification:
    m_TransformParent: {fileID: 3185975253707552947}
    m_Modifications:
    - target: {fileID: 1089844914678772, guid: 592fdcba71017da4f810f3022a74c558, type: 3}
      propertyPath: m_Name
      value: SM_Prop_Crate_02
      objectReference: {fileID: 0}
    - target: {fileID: 1089844914678772, guid: 592fdcba71017da4f810f3022a74c558, type: 3}
      propertyPath: m_StaticEditorFlags
      value: 4294967295
      objectReference: {fileID: 0}
    - target: {fileID: 4745822243310250, guid: 592fdcba71017da4f810f3022a74c558, type: 3}
      propertyPath: m_RootOrder
      value: 1
      objectReference: {fileID: 0}
    - target: {fileID: 4745822243310250, guid: 592fdcba71017da4f810f3022a74c558, type: 3}
      propertyPath: m_LocalScale.y
      value: 6
      objectReference: {fileID: 0}
    - target: {fileID: 4745822243310250, guid: 592fdcba71017da4f810f3022a74c558, type: 3}
      propertyPath: m_LocalPosition.x
      value: -3.205
      objectReference: {fileID: 0}
    - target: {fileID: 4745822243310250, guid: 592fdcba71017da4f810f3022a74c558, type: 3}
      propertyPath: m_LocalPosition.y
      value: -0.04988849
      objectReference: {fileID: 0}
    - target: {fileID: 4745822243310250, guid: 592fdcba71017da4f810f3022a74c558, type: 3}
      propertyPath: m_LocalPosition.z
      value: -1.148
      objectReference: {fileID: 0}
    - target: {fileID: 4745822243310250, guid: 592fdcba71017da4f810f3022a74c558, type: 3}
      propertyPath: m_LocalRotation.w
      value: 1
      objectReference: {fileID: 0}
    - target: {fileID: 4745822243310250, guid: 592fdcba71017da4f810f3022a74c558, type: 3}
      propertyPath: m_LocalRotation.x
      value: 0
      objectReference: {fileID: 0}
    - target: {fileID: 4745822243310250, guid: 592fdcba71017da4f810f3022a74c558, type: 3}
      propertyPath: m_LocalRotation.y
      value: 0
      objectReference: {fileID: 0}
    - target: {fileID: 4745822243310250, guid: 592fdcba71017da4f810f3022a74c558, type: 3}
      propertyPath: m_LocalRotation.z
      value: 0
      objectReference: {fileID: 0}
    - target: {fileID: 4745822243310250, guid: 592fdcba71017da4f810f3022a74c558, type: 3}
      propertyPath: m_LocalEulerAnglesHint.x
      value: 0
      objectReference: {fileID: 0}
    - target: {fileID: 4745822243310250, guid: 592fdcba71017da4f810f3022a74c558, type: 3}
      propertyPath: m_LocalEulerAnglesHint.y
      value: 0
      objectReference: {fileID: 0}
    - target: {fileID: 4745822243310250, guid: 592fdcba71017da4f810f3022a74c558, type: 3}
      propertyPath: m_LocalEulerAnglesHint.z
      value: 0
      objectReference: {fileID: 0}
    m_RemovedComponents: []
  m_SourcePrefab: {fileID: 100100000, guid: 592fdcba71017da4f810f3022a74c558, type: 3}
--- !u!4 &2431696879435998833 stripped
Transform:
  m_CorrespondingSourceObject: {fileID: 4745822243310250, guid: 592fdcba71017da4f810f3022a74c558, type: 3}
  m_PrefabInstance: {fileID: 2427373271831784667}
  m_PrefabAsset: {fileID: 0}
--- !u!1001 &2427373272530210175
PrefabInstance:
  m_ObjectHideFlags: 0
  serializedVersion: 2
  m_Modification:
    m_TransformParent: {fileID: 3185975253707552947}
    m_Modifications:
    - target: {fileID: 1928524721831592, guid: 41ac3ebf888d2bc409d81c19943686d4, type: 3}
      propertyPath: m_Name
      value: SM_Prop_Bed_01
      objectReference: {fileID: 0}
    - target: {fileID: 1928524721831592, guid: 41ac3ebf888d2bc409d81c19943686d4, type: 3}
      propertyPath: m_StaticEditorFlags
      value: 4294967295
      objectReference: {fileID: 0}
    - target: {fileID: 4786296837764610, guid: 41ac3ebf888d2bc409d81c19943686d4, type: 3}
      propertyPath: m_RootOrder
      value: 2
      objectReference: {fileID: 0}
    - target: {fileID: 4786296837764610, guid: 41ac3ebf888d2bc409d81c19943686d4, type: 3}
      propertyPath: m_LocalScale.x
      value: -0.8
      objectReference: {fileID: 0}
    - target: {fileID: 4786296837764610, guid: 41ac3ebf888d2bc409d81c19943686d4, type: 3}
      propertyPath: m_LocalScale.z
      value: 0.8
      objectReference: {fileID: 0}
    - target: {fileID: 4786296837764610, guid: 41ac3ebf888d2bc409d81c19943686d4, type: 3}
      propertyPath: m_LocalPosition.x
      value: -0.426
      objectReference: {fileID: 0}
    - target: {fileID: 4786296837764610, guid: 41ac3ebf888d2bc409d81c19943686d4, type: 3}
      propertyPath: m_LocalPosition.y
      value: -0.04988849
      objectReference: {fileID: 0}
    - target: {fileID: 4786296837764610, guid: 41ac3ebf888d2bc409d81c19943686d4, type: 3}
      propertyPath: m_LocalPosition.z
      value: -0.165
      objectReference: {fileID: 0}
    - target: {fileID: 4786296837764610, guid: 41ac3ebf888d2bc409d81c19943686d4, type: 3}
      propertyPath: m_LocalRotation.w
      value: 0.7071068
      objectReference: {fileID: 0}
    - target: {fileID: 4786296837764610, guid: 41ac3ebf888d2bc409d81c19943686d4, type: 3}
      propertyPath: m_LocalRotation.x
      value: -0
      objectReference: {fileID: 0}
    - target: {fileID: 4786296837764610, guid: 41ac3ebf888d2bc409d81c19943686d4, type: 3}
      propertyPath: m_LocalRotation.y
      value: -0.7071068
      objectReference: {fileID: 0}
    - target: {fileID: 4786296837764610, guid: 41ac3ebf888d2bc409d81c19943686d4, type: 3}
      propertyPath: m_LocalRotation.z
      value: -0
      objectReference: {fileID: 0}
    - target: {fileID: 4786296837764610, guid: 41ac3ebf888d2bc409d81c19943686d4, type: 3}
      propertyPath: m_LocalEulerAnglesHint.x
      value: 0
      objectReference: {fileID: 0}
    - target: {fileID: 4786296837764610, guid: 41ac3ebf888d2bc409d81c19943686d4, type: 3}
      propertyPath: m_LocalEulerAnglesHint.y
      value: 0
      objectReference: {fileID: 0}
    - target: {fileID: 4786296837764610, guid: 41ac3ebf888d2bc409d81c19943686d4, type: 3}
      propertyPath: m_LocalEulerAnglesHint.z
      value: 0
      objectReference: {fileID: 0}
    m_RemovedComponents: []
  m_SourcePrefab: {fileID: 100100000, guid: 41ac3ebf888d2bc409d81c19943686d4, type: 3}
--- !u!4 &2431594420315700093 stripped
Transform:
  m_CorrespondingSourceObject: {fileID: 4786296837764610, guid: 41ac3ebf888d2bc409d81c19943686d4, type: 3}
  m_PrefabInstance: {fileID: 2427373272530210175}
  m_PrefabAsset: {fileID: 0}
