%YAML 1.1
%TAG !u! tag:unity3d.com,2011:
--- !u!1 &2195582530318674846
GameObject:
  m_ObjectHideFlags: 0
  m_CorrespondingSourceObject: {fileID: 0}
  m_PrefabInstance: {fileID: 0}
  m_PrefabAsset: {fileID: 0}
  serializedVersion: 6
  m_Component:
  - component: {fileID: 2195582530318674849}
  m_Layer: 0
  m_Name: Walls
  m_TagString: Untagged
  m_Icon: {fileID: 0}
  m_NavMeshLayer: 0
  m_StaticEditorFlags: 4294967295
  m_IsActive: 1
--- !u!4 &2195582530318674849
Transform:
  m_ObjectHideFlags: 0
  m_CorrespondingSourceObject: {fileID: 0}
  m_PrefabInstance: {fileID: 0}
  m_PrefabAsset: {fileID: 0}
  m_GameObject: {fileID: 2195582530318674846}
  m_LocalRotation: {x: -0, y: -0, z: -0, w: 1}
  m_LocalPosition: {x: 0, y: 0, z: 0}
  m_LocalScale: {x: 1, y: 1, z: 1}
  m_Children:
  - {fileID: 957861763175385160}
  - {fileID: 957861763753734714}
  - {fileID: 957861761895068426}
  m_Father: {fileID: 2195582530375314623}
  m_RootOrder: 1
  m_LocalEulerAnglesHint: {x: 0, y: 0, z: 0}
--- !u!1 &2195582530375314620
GameObject:
  m_ObjectHideFlags: 0
  m_CorrespondingSourceObject: {fileID: 0}
  m_PrefabInstance: {fileID: 0}
  m_PrefabAsset: {fileID: 0}
  serializedVersion: 6
  m_Component:
  - component: {fileID: 2195582530375314623}
  m_Layer: 0
  m_Name: Toilettes
  m_TagString: Untagged
  m_Icon: {fileID: 0}
  m_NavMeshLayer: 0
  m_StaticEditorFlags: 4294967295
  m_IsActive: 1
--- !u!4 &2195582530375314623
Transform:
  m_ObjectHideFlags: 0
  m_CorrespondingSourceObject: {fileID: 0}
  m_PrefabInstance: {fileID: 0}
  m_PrefabAsset: {fileID: 0}
  m_GameObject: {fileID: 2195582530375314620}
  m_LocalRotation: {x: 0, y: 0, z: 0, w: 1}
  m_LocalPosition: {x: 42.502388, y: 0, z: -55}
  m_LocalScale: {x: 1, y: 1, z: 1}
  m_Children:
  - {fileID: 2195582530762753311}
  - {fileID: 2195582530318674849}
  - {fileID: 2788447580293845340}
  - {fileID: 2788447579689693253}
  m_Father: {fileID: 0}
  m_RootOrder: 0
  m_LocalEulerAnglesHint: {x: 0, y: 0, z: 0}
--- !u!1 &2195582530762753308
GameObject:
  m_ObjectHideFlags: 0
  m_CorrespondingSourceObject: {fileID: 0}
  m_PrefabInstance: {fileID: 0}
  m_PrefabAsset: {fileID: 0}
  serializedVersion: 6
  m_Component:
  - component: {fileID: 2195582530762753311}
  m_Layer: 0
  m_Name: Floors
  m_TagString: Untagged
  m_Icon: {fileID: 0}
  m_NavMeshLayer: 0
  m_StaticEditorFlags: 4294967295
  m_IsActive: 1
--- !u!4 &2195582530762753311
Transform:
  m_ObjectHideFlags: 0
  m_CorrespondingSourceObject: {fileID: 0}
  m_PrefabInstance: {fileID: 0}
  m_PrefabAsset: {fileID: 0}
  m_GameObject: {fileID: 2195582530762753308}
  m_LocalRotation: {x: -0, y: -0, z: -0, w: 1}
  m_LocalPosition: {x: 0, y: 0, z: 0}
  m_LocalScale: {x: 1, y: 1, z: 1}
  m_Children:
  - {fileID: 2191391416019214863}
  m_Father: {fileID: 2195582530375314623}
  m_RootOrder: 0
  m_LocalEulerAnglesHint: {x: 0, y: 0, z: 0}
--- !u!1 &2788447579689693252
GameObject:
  m_ObjectHideFlags: 0
  m_CorrespondingSourceObject: {fileID: 0}
  m_PrefabInstance: {fileID: 0}
  m_PrefabAsset: {fileID: 0}
  serializedVersion: 6
  m_Component:
  - component: {fileID: 2788447579689693253}
  m_Layer: 0
  m_Name: Door
  m_TagString: Untagged
  m_Icon: {fileID: 0}
  m_NavMeshLayer: 0
  m_StaticEditorFlags: 4294967295
  m_IsActive: 1
--- !u!4 &2788447579689693253
Transform:
  m_ObjectHideFlags: 0
  m_CorrespondingSourceObject: {fileID: 0}
  m_PrefabInstance: {fileID: 0}
  m_PrefabAsset: {fileID: 0}
  m_GameObject: {fileID: 2788447579689693252}
  m_LocalRotation: {x: -0, y: -0, z: -0, w: 1}
  m_LocalPosition: {x: -2.508381, y: 1.6781728, z: -2.8033447}
  m_LocalScale: {x: 1, y: 1, z: 1}
  m_Children:
  - {fileID: 2791616314966986572}
  m_Father: {fileID: 2195582530375314623}
  m_RootOrder: 3
  m_LocalEulerAnglesHint: {x: 0, y: 0, z: 0}
--- !u!1 &2788447579767815830
GameObject:
  m_ObjectHideFlags: 0
  m_CorrespondingSourceObject: {fileID: 0}
  m_PrefabInstance: {fileID: 0}
  m_PrefabAsset: {fileID: 0}
  serializedVersion: 6
  m_Component:
  - component: {fileID: 2788447579767815831}
  - component: {fileID: 2788447579767815834}
  - component: {fileID: 2788447579767815829}
  - component: {fileID: 2788447579767815828}
  m_Layer: 0
  m_Name: PQ (1)
  m_TagString: Untagged
  m_Icon: {fileID: 0}
  m_NavMeshLayer: 0
  m_StaticEditorFlags: 4294967295
  m_IsActive: 1
--- !u!4 &2788447579767815831
Transform:
  m_ObjectHideFlags: 0
  m_CorrespondingSourceObject: {fileID: 0}
  m_PrefabInstance: {fileID: 0}
  m_PrefabAsset: {fileID: 0}
  m_GameObject: {fileID: 2788447579767815830}
  m_LocalRotation: {x: -0, y: -0, z: -0, w: 1}
  m_LocalPosition: {x: 0, y: 0.006, z: 0}
  m_LocalScale: {x: 0.3333333, y: 1, z: 0.3333333}
  m_Children: []
  m_Father: {fileID: 2788447580440855654}
  m_RootOrder: 0
  m_LocalEulerAnglesHint: {x: 0, y: 0, z: 0}
--- !u!33 &2788447579767815834
MeshFilter:
  m_ObjectHideFlags: 0
  m_CorrespondingSourceObject: {fileID: 0}
  m_PrefabInstance: {fileID: 0}
  m_PrefabAsset: {fileID: 0}
  m_GameObject: {fileID: 2788447579767815830}
  m_Mesh: {fileID: 10206, guid: 0000000000000000e000000000000000, type: 0}
--- !u!23 &2788447579767815829
MeshRenderer:
  m_ObjectHideFlags: 0
  m_CorrespondingSourceObject: {fileID: 0}
  m_PrefabInstance: {fileID: 0}
  m_PrefabAsset: {fileID: 0}
  m_GameObject: {fileID: 2788447579767815830}
  m_Enabled: 1
  m_CastShadows: 1
  m_ReceiveShadows: 1
  m_DynamicOccludee: 1
  m_MotionVectors: 1
  m_LightProbeUsage: 1
  m_ReflectionProbeUsage: 1
  m_RayTracingMode: 2
  m_RayTraceProcedural: 0
  m_RenderingLayerMask: 1
  m_RendererPriority: 0
  m_Materials:
  - {fileID: 2100000, guid: 54a326676e1fc804da6ceff7c86fdc29, type: 2}
  m_StaticBatchInfo:
    firstSubMesh: 0
    subMeshCount: 0
  m_StaticBatchRoot: {fileID: 0}
  m_ProbeAnchor: {fileID: 0}
  m_LightProbeVolumeOverride: {fileID: 0}
  m_ScaleInLightmap: 1
  m_ReceiveGI: 1
  m_PreserveUVs: 0
  m_IgnoreNormalsForChartDetection: 0
  m_ImportantGI: 0
  m_StitchLightmapSeams: 1
  m_SelectedEditorRenderState: 3
  m_MinimumChartSize: 4
  m_AutoUVMaxDistance: 0.5
  m_AutoUVMaxAngle: 89
  m_LightmapParameters: {fileID: 0}
  m_SortingLayerID: 0
  m_SortingLayer: 0
  m_SortingOrder: 0
  m_AdditionalVertexStreams: {fileID: 0}
--- !u!136 &2788447579767815828
CapsuleCollider:
  m_ObjectHideFlags: 0
  m_CorrespondingSourceObject: {fileID: 0}
  m_PrefabInstance: {fileID: 0}
  m_PrefabAsset: {fileID: 0}
  m_GameObject: {fileID: 2788447579767815830}
  m_Material: {fileID: 0}
  m_IsTrigger: 0
  m_Enabled: 1
  m_Radius: 0.5000001
  m_Height: 2
  m_Direction: 1
  m_Center: {x: 0.000000059604645, y: 0, z: -0.00000008940697}
--- !u!1 &2788447580293845343
GameObject:
  m_ObjectHideFlags: 0
  m_CorrespondingSourceObject: {fileID: 0}
  m_PrefabInstance: {fileID: 0}
  m_PrefabAsset: {fileID: 0}
  serializedVersion: 6
  m_Component:
  - component: {fileID: 2788447580293845340}
  m_Layer: 0
  m_Name: Props
  m_TagString: Untagged
  m_Icon: {fileID: 0}
  m_NavMeshLayer: 0
  m_StaticEditorFlags: 4294967295
  m_IsActive: 1
--- !u!4 &2788447580293845340
Transform:
  m_ObjectHideFlags: 0
  m_CorrespondingSourceObject: {fileID: 0}
  m_PrefabInstance: {fileID: 0}
  m_PrefabAsset: {fileID: 0}
  m_GameObject: {fileID: 2788447580293845343}
  m_LocalRotation: {x: -0, y: -0, z: -0, w: 1}
  m_LocalPosition: {x: -0.8889351, y: 0.04988849, z: -1.7690201}
  m_LocalScale: {x: 1, y: 1, z: 1}
  m_Children:
  - {fileID: 2791500704168700266}
  - {fileID: 2791121878595123927}
  - {fileID: 2783924406351355104}
  - {fileID: 2784239102740392580}
  - {fileID: 2788447580440855654}
  - {fileID: 3979186265680983604}
  m_Father: {fileID: 2195582530375314623}
  m_RootOrder: 2
  m_LocalEulerAnglesHint: {x: 0, y: 0, z: 0}
--- !u!1 &2788447580440855650
GameObject:
  m_ObjectHideFlags: 0
  m_CorrespondingSourceObject: {fileID: 0}
  m_PrefabInstance: {fileID: 0}
  m_PrefabAsset: {fileID: 0}
  serializedVersion: 6
  m_Component:
  - component: {fileID: 2788447580440855654}
  - component: {fileID: 2788447580440855649}
  - component: {fileID: 2788447580440855648}
  - component: {fileID: 2788447580440855651}
  m_Layer: 0
  m_Name: PQ
  m_TagString: Untagged
  m_Icon: {fileID: 0}
  m_NavMeshLayer: 0
  m_StaticEditorFlags: 4294967295
  m_IsActive: 1
--- !u!4 &2788447580440855654
Transform:
  m_ObjectHideFlags: 0
  m_CorrespondingSourceObject: {fileID: 0}
  m_PrefabInstance: {fileID: 0}
  m_PrefabAsset: {fileID: 0}
  m_GameObject: {fileID: 2788447580440855650}
  m_LocalRotation: {x: -0, y: -0, z: -0, w: 1}
  m_LocalPosition: {x: -0.765, y: 0.61511153, z: 0.672}
  m_LocalScale: {x: 0.15, y: 0.1, z: 0.15}
  m_Children:
  - {fileID: 2788447579767815831}
  m_Father: {fileID: 2788447580293845340}
  m_RootOrder: 4
  m_LocalEulerAnglesHint: {x: 0, y: 0, z: 0}
--- !u!33 &2788447580440855649
MeshFilter:
  m_ObjectHideFlags: 0
  m_CorrespondingSourceObject: {fileID: 0}
  m_PrefabInstance: {fileID: 0}
  m_PrefabAsset: {fileID: 0}
  m_GameObject: {fileID: 2788447580440855650}
  m_Mesh: {fileID: 10206, guid: 0000000000000000e000000000000000, type: 0}
--- !u!23 &2788447580440855648
MeshRenderer:
  m_ObjectHideFlags: 0
  m_CorrespondingSourceObject: {fileID: 0}
  m_PrefabInstance: {fileID: 0}
  m_PrefabAsset: {fileID: 0}
  m_GameObject: {fileID: 2788447580440855650}
  m_Enabled: 1
  m_CastShadows: 1
  m_ReceiveShadows: 1
  m_DynamicOccludee: 1
  m_MotionVectors: 1
  m_LightProbeUsage: 1
  m_ReflectionProbeUsage: 1
  m_RayTracingMode: 2
  m_RayTraceProcedural: 0
  m_RenderingLayerMask: 1
  m_RendererPriority: 0
  m_Materials:
  - {fileID: 2100000, guid: 4631658c79d82f249a74328bfe15d80d, type: 2}
  m_StaticBatchInfo:
    firstSubMesh: 0
    subMeshCount: 0
  m_StaticBatchRoot: {fileID: 0}
  m_ProbeAnchor: {fileID: 0}
  m_LightProbeVolumeOverride: {fileID: 0}
  m_ScaleInLightmap: 1
  m_ReceiveGI: 1
  m_PreserveUVs: 0
  m_IgnoreNormalsForChartDetection: 0
  m_ImportantGI: 0
  m_StitchLightmapSeams: 1
  m_SelectedEditorRenderState: 3
  m_MinimumChartSize: 4
  m_AutoUVMaxDistance: 0.5
  m_AutoUVMaxAngle: 89
  m_LightmapParameters: {fileID: 0}
  m_SortingLayerID: 0
  m_SortingLayer: 0
  m_SortingOrder: 0
  m_AdditionalVertexStreams: {fileID: 0}
--- !u!136 &2788447580440855651
CapsuleCollider:
  m_ObjectHideFlags: 0
  m_CorrespondingSourceObject: {fileID: 0}
  m_PrefabInstance: {fileID: 0}
  m_PrefabAsset: {fileID: 0}
  m_GameObject: {fileID: 2788447580440855650}
  m_Material: {fileID: 0}
  m_IsTrigger: 0
  m_Enabled: 1
  m_Radius: 0.5000001
  m_Height: 2
  m_Direction: 1
  m_Center: {x: 0.000000059604645, y: 0, z: -0.00000008940697}
--- !u!1001 &2195582530137569170
PrefabInstance:
  m_ObjectHideFlags: 0
  serializedVersion: 2
  m_Modification:
    m_TransformParent: {fileID: 2195582530318674849}
    m_Modifications:
    - target: {fileID: 1383524960798524568, guid: 4f9948e8f1c4c454b9e81792f10a32ec, type: 3}
      propertyPath: m_RootOrder
      value: 2
      objectReference: {fileID: 0}
    - target: {fileID: 1383524960798524568, guid: 4f9948e8f1c4c454b9e81792f10a32ec, type: 3}
      propertyPath: m_LocalPosition.x
      value: -5.0240936
      objectReference: {fileID: 0}
    - target: {fileID: 1383524960798524568, guid: 4f9948e8f1c4c454b9e81792f10a32ec, type: 3}
      propertyPath: m_LocalPosition.y
      value: 0
      objectReference: {fileID: 0}
    - target: {fileID: 1383524960798524568, guid: 4f9948e8f1c4c454b9e81792f10a32ec, type: 3}
      propertyPath: m_LocalPosition.z
      value: -4.978319
      objectReference: {fileID: 0}
    - target: {fileID: 1383524960798524568, guid: 4f9948e8f1c4c454b9e81792f10a32ec, type: 3}
      propertyPath: m_LocalRotation.w
      value: 0.7071068
      objectReference: {fileID: 0}
    - target: {fileID: 1383524960798524568, guid: 4f9948e8f1c4c454b9e81792f10a32ec, type: 3}
      propertyPath: m_LocalRotation.x
      value: -0
      objectReference: {fileID: 0}
    - target: {fileID: 1383524960798524568, guid: 4f9948e8f1c4c454b9e81792f10a32ec, type: 3}
      propertyPath: m_LocalRotation.y
      value: 0.7071068
      objectReference: {fileID: 0}
    - target: {fileID: 1383524960798524568, guid: 4f9948e8f1c4c454b9e81792f10a32ec, type: 3}
      propertyPath: m_LocalRotation.z
      value: -0
      objectReference: {fileID: 0}
    - target: {fileID: 1383524960798524568, guid: 4f9948e8f1c4c454b9e81792f10a32ec, type: 3}
      propertyPath: m_LocalEulerAnglesHint.x
      value: 0
      objectReference: {fileID: 0}
    - target: {fileID: 1383524960798524568, guid: 4f9948e8f1c4c454b9e81792f10a32ec, type: 3}
      propertyPath: m_LocalEulerAnglesHint.y
      value: 90
      objectReference: {fileID: 0}
    - target: {fileID: 1383524960798524568, guid: 4f9948e8f1c4c454b9e81792f10a32ec, type: 3}
      propertyPath: m_LocalEulerAnglesHint.z
      value: 0
      objectReference: {fileID: 0}
    - target: {fileID: 3173993982226097777, guid: 4f9948e8f1c4c454b9e81792f10a32ec, type: 3}
      propertyPath: m_StaticEditorFlags
      value: 4294967295
      objectReference: {fileID: 0}
    - target: {fileID: 3177489355881580965, guid: 4f9948e8f1c4c454b9e81792f10a32ec, type: 3}
      propertyPath: m_LocalPosition.x
      value: 0
      objectReference: {fileID: 0}
    - target: {fileID: 3177489355881580965, guid: 4f9948e8f1c4c454b9e81792f10a32ec, type: 3}
      propertyPath: m_LocalPosition.z
      value: 0
      objectReference: {fileID: 0}
    - target: {fileID: 6885832046363063544, guid: 4f9948e8f1c4c454b9e81792f10a32ec, type: 3}
      propertyPath: m_Name
      value: Wall_01 (11)
      objectReference: {fileID: 0}
    - target: {fileID: 6885832046363063544, guid: 4f9948e8f1c4c454b9e81792f10a32ec, type: 3}
      propertyPath: m_StaticEditorFlags
      value: 4294967295
      objectReference: {fileID: 0}
    m_RemovedComponents: []
  m_SourcePrefab: {fileID: 100100000, guid: 4f9948e8f1c4c454b9e81792f10a32ec, type: 3}
--- !u!4 &957861761895068426 stripped
Transform:
  m_CorrespondingSourceObject: {fileID: 1383524960798524568, guid: 4f9948e8f1c4c454b9e81792f10a32ec, type: 3}
  m_PrefabInstance: {fileID: 2195582530137569170}
  m_PrefabAsset: {fileID: 0}
--- !u!1001 &2195582530572258713
PrefabInstance:
  m_ObjectHideFlags: 0
  serializedVersion: 2
  m_Modification:
    m_TransformParent: {fileID: 2195582530762753311}
    m_Modifications:
    - target: {fileID: 1182560378374930, guid: ba8c17098e39a004d8754f7823b7bcc7, type: 3}
      propertyPath: m_Name
      value: SM_Bld_Floor_010 (7)
      objectReference: {fileID: 0}
    - target: {fileID: 1182560378374930, guid: ba8c17098e39a004d8754f7823b7bcc7, type: 3}
      propertyPath: m_StaticEditorFlags
      value: 4294967295
      objectReference: {fileID: 0}
    - target: {fileID: 4824984152862614, guid: ba8c17098e39a004d8754f7823b7bcc7, type: 3}
      propertyPath: m_RootOrder
      value: 0
      objectReference: {fileID: 0}
    - target: {fileID: 4824984152862614, guid: ba8c17098e39a004d8754f7823b7bcc7, type: 3}
      propertyPath: m_LocalPosition.x
      value: -0.012046814
      objectReference: {fileID: 0}
    - target: {fileID: 4824984152862614, guid: ba8c17098e39a004d8754f7823b7bcc7, type: 3}
      propertyPath: m_LocalPosition.y
      value: 0
      objectReference: {fileID: 0}
    - target: {fileID: 4824984152862614, guid: ba8c17098e39a004d8754f7823b7bcc7, type: 3}
      propertyPath: m_LocalPosition.z
      value: 0.011959076
      objectReference: {fileID: 0}
    - target: {fileID: 4824984152862614, guid: ba8c17098e39a004d8754f7823b7bcc7, type: 3}
      propertyPath: m_LocalRotation.w
      value: 0.7071068
      objectReference: {fileID: 0}
    - target: {fileID: 4824984152862614, guid: ba8c17098e39a004d8754f7823b7bcc7, type: 3}
      propertyPath: m_LocalRotation.x
      value: 0
      objectReference: {fileID: 0}
    - target: {fileID: 4824984152862614, guid: ba8c17098e39a004d8754f7823b7bcc7, type: 3}
      propertyPath: m_LocalRotation.y
      value: -0.7071068
      objectReference: {fileID: 0}
    - target: {fileID: 4824984152862614, guid: ba8c17098e39a004d8754f7823b7bcc7, type: 3}
      propertyPath: m_LocalRotation.z
      value: 0
      objectReference: {fileID: 0}
    - target: {fileID: 4824984152862614, guid: ba8c17098e39a004d8754f7823b7bcc7, type: 3}
      propertyPath: m_LocalEulerAnglesHint.x
      value: 0
      objectReference: {fileID: 0}
    - target: {fileID: 4824984152862614, guid: ba8c17098e39a004d8754f7823b7bcc7, type: 3}
      propertyPath: m_LocalEulerAnglesHint.y
      value: -90
      objectReference: {fileID: 0}
    - target: {fileID: 4824984152862614, guid: ba8c17098e39a004d8754f7823b7bcc7, type: 3}
      propertyPath: m_LocalEulerAnglesHint.z
      value: 0
      objectReference: {fileID: 0}
    - target: {fileID: 33980234559633644, guid: ba8c17098e39a004d8754f7823b7bcc7, type: 3}
      propertyPath: m_Mesh
      value: 
      objectReference: {fileID: 4300000, guid: 10f7b13cb51b69a4aa120821a37a87a1, type: 3}
    m_RemovedComponents: []
  m_SourcePrefab: {fileID: 100100000, guid: ba8c17098e39a004d8754f7823b7bcc7, type: 3}
--- !u!4 &2191391416019214863 stripped
Transform:
  m_CorrespondingSourceObject: {fileID: 4824984152862614, guid: ba8c17098e39a004d8754f7823b7bcc7, type: 3}
  m_PrefabInstance: {fileID: 2195582530572258713}
  m_PrefabAsset: {fileID: 0}
--- !u!1001 &2195582530914104994
PrefabInstance:
  m_ObjectHideFlags: 0
  serializedVersion: 2
  m_Modification:
    m_TransformParent: {fileID: 2195582530318674849}
    m_Modifications:
    - target: {fileID: 1383524960798524568, guid: 4f9948e8f1c4c454b9e81792f10a32ec, type: 3}
      propertyPath: m_RootOrder
      value: 1
      objectReference: {fileID: 0}
    - target: {fileID: 1383524960798524568, guid: 4f9948e8f1c4c454b9e81792f10a32ec, type: 3}
      propertyPath: m_LocalPosition.x
      value: -5.012047
      objectReference: {fileID: 0}
    - target: {fileID: 1383524960798524568, guid: 4f9948e8f1c4c454b9e81792f10a32ec, type: 3}
      propertyPath: m_LocalPosition.y
      value: 0
      objectReference: {fileID: 0}
    - target: {fileID: 1383524960798524568, guid: 4f9948e8f1c4c454b9e81792f10a32ec, type: 3}
      propertyPath: m_LocalPosition.z
      value: 0.009727478
      objectReference: {fileID: 0}
    - target: {fileID: 1383524960798524568, guid: 4f9948e8f1c4c454b9e81792f10a32ec, type: 3}
      propertyPath: m_LocalRotation.w
      value: 0
      objectReference: {fileID: 0}
    - target: {fileID: 1383524960798524568, guid: 4f9948e8f1c4c454b9e81792f10a32ec, type: 3}
      propertyPath: m_LocalRotation.x
      value: -0
      objectReference: {fileID: 0}
    - target: {fileID: 1383524960798524568, guid: 4f9948e8f1c4c454b9e81792f10a32ec, type: 3}
      propertyPath: m_LocalRotation.y
      value: 1
      objectReference: {fileID: 0}
    - target: {fileID: 1383524960798524568, guid: 4f9948e8f1c4c454b9e81792f10a32ec, type: 3}
      propertyPath: m_LocalRotation.z
      value: -0
      objectReference: {fileID: 0}
    - target: {fileID: 1383524960798524568, guid: 4f9948e8f1c4c454b9e81792f10a32ec, type: 3}
      propertyPath: m_LocalEulerAnglesHint.x
      value: 0
      objectReference: {fileID: 0}
    - target: {fileID: 1383524960798524568, guid: 4f9948e8f1c4c454b9e81792f10a32ec, type: 3}
      propertyPath: m_LocalEulerAnglesHint.y
      value: 180
      objectReference: {fileID: 0}
    - target: {fileID: 1383524960798524568, guid: 4f9948e8f1c4c454b9e81792f10a32ec, type: 3}
      propertyPath: m_LocalEulerAnglesHint.z
      value: 0
      objectReference: {fileID: 0}
    - target: {fileID: 3173993982226097777, guid: 4f9948e8f1c4c454b9e81792f10a32ec, type: 3}
      propertyPath: m_StaticEditorFlags
      value: 4294967295
      objectReference: {fileID: 0}
    - target: {fileID: 3177489355881580965, guid: 4f9948e8f1c4c454b9e81792f10a32ec, type: 3}
      propertyPath: m_LocalPosition.x
      value: 0
      objectReference: {fileID: 0}
    - target: {fileID: 3177489355881580965, guid: 4f9948e8f1c4c454b9e81792f10a32ec, type: 3}
      propertyPath: m_LocalPosition.z
      value: 0
      objectReference: {fileID: 0}
    - target: {fileID: 6885832046363063544, guid: 4f9948e8f1c4c454b9e81792f10a32ec, type: 3}
      propertyPath: m_Name
      value: Wall_01 (7)
      objectReference: {fileID: 0}
    - target: {fileID: 6885832046363063544, guid: 4f9948e8f1c4c454b9e81792f10a32ec, type: 3}
      propertyPath: m_StaticEditorFlags
      value: 4294967295
      objectReference: {fileID: 0}
    m_RemovedComponents: []
  m_SourcePrefab: {fileID: 100100000, guid: 4f9948e8f1c4c454b9e81792f10a32ec, type: 3}
--- !u!4 &957861763753734714 stripped
Transform:
  m_CorrespondingSourceObject: {fileID: 1383524960798524568, guid: 4f9948e8f1c4c454b9e81792f10a32ec, type: 3}
  m_PrefabInstance: {fileID: 2195582530914104994}
  m_PrefabAsset: {fileID: 0}
--- !u!1001 &2195582531409530064
PrefabInstance:
  m_ObjectHideFlags: 0
  serializedVersion: 2
  m_Modification:
    m_TransformParent: {fileID: 2195582530318674849}
    m_Modifications:
    - target: {fileID: 1383524960798524568, guid: 4f9948e8f1c4c454b9e81792f10a32ec, type: 3}
      propertyPath: m_RootOrder
      value: 0
      objectReference: {fileID: 0}
    - target: {fileID: 1383524960798524568, guid: 4f9948e8f1c4c454b9e81792f10a32ec, type: 3}
      propertyPath: m_LocalPosition.x
      value: -0.012048721
      objectReference: {fileID: 0}
    - target: {fileID: 1383524960798524568, guid: 4f9948e8f1c4c454b9e81792f10a32ec, type: 3}
      propertyPath: m_LocalPosition.y
      value: 0
      objectReference: {fileID: 0}
    - target: {fileID: 1383524960798524568, guid: 4f9948e8f1c4c454b9e81792f10a32ec, type: 3}
      propertyPath: m_LocalPosition.z
      value: 0.009727478
      objectReference: {fileID: 0}
    - target: {fileID: 1383524960798524568, guid: 4f9948e8f1c4c454b9e81792f10a32ec, type: 3}
      propertyPath: m_LocalRotation.w
      value: 0.7071068
      objectReference: {fileID: 0}
    - target: {fileID: 1383524960798524568, guid: 4f9948e8f1c4c454b9e81792f10a32ec, type: 3}
      propertyPath: m_LocalRotation.x
      value: -0
      objectReference: {fileID: 0}
    - target: {fileID: 1383524960798524568, guid: 4f9948e8f1c4c454b9e81792f10a32ec, type: 3}
      propertyPath: m_LocalRotation.y
      value: -0.7071068
      objectReference: {fileID: 0}
    - target: {fileID: 1383524960798524568, guid: 4f9948e8f1c4c454b9e81792f10a32ec, type: 3}
      propertyPath: m_LocalRotation.z
      value: -0
      objectReference: {fileID: 0}
    - target: {fileID: 1383524960798524568, guid: 4f9948e8f1c4c454b9e81792f10a32ec, type: 3}
      propertyPath: m_LocalEulerAnglesHint.x
      value: 0
      objectReference: {fileID: 0}
    - target: {fileID: 1383524960798524568, guid: 4f9948e8f1c4c454b9e81792f10a32ec, type: 3}
      propertyPath: m_LocalEulerAnglesHint.y
      value: -90
      objectReference: {fileID: 0}
    - target: {fileID: 1383524960798524568, guid: 4f9948e8f1c4c454b9e81792f10a32ec, type: 3}
      propertyPath: m_LocalEulerAnglesHint.z
      value: 0
      objectReference: {fileID: 0}
    - target: {fileID: 3173993982226097777, guid: 4f9948e8f1c4c454b9e81792f10a32ec, type: 3}
      propertyPath: m_StaticEditorFlags
      value: 4294967295
      objectReference: {fileID: 0}
    - target: {fileID: 3177489355881580965, guid: 4f9948e8f1c4c454b9e81792f10a32ec, type: 3}
      propertyPath: m_LocalPosition.x
      value: 0
      objectReference: {fileID: 0}
    - target: {fileID: 3177489355881580965, guid: 4f9948e8f1c4c454b9e81792f10a32ec, type: 3}
      propertyPath: m_LocalPosition.z
      value: 0
      objectReference: {fileID: 0}
    - target: {fileID: 6885832046363063544, guid: 4f9948e8f1c4c454b9e81792f10a32ec, type: 3}
      propertyPath: m_Name
      value: Wall_01 (3)
      objectReference: {fileID: 0}
    - target: {fileID: 6885832046363063544, guid: 4f9948e8f1c4c454b9e81792f10a32ec, type: 3}
      propertyPath: m_StaticEditorFlags
      value: 4294967295
      objectReference: {fileID: 0}
    m_RemovedComponents: []
  m_SourcePrefab: {fileID: 100100000, guid: 4f9948e8f1c4c454b9e81792f10a32ec, type: 3}
--- !u!4 &957861763175385160 stripped
Transform:
  m_CorrespondingSourceObject: {fileID: 1383524960798524568, guid: 4f9948e8f1c4c454b9e81792f10a32ec, type: 3}
  m_PrefabInstance: {fileID: 2195582531409530064}
  m_PrefabAsset: {fileID: 0}
--- !u!1001 &2788447578741140484
PrefabInstance:
  m_ObjectHideFlags: 0
  serializedVersion: 2
  m_Modification:
    m_TransformParent: {fileID: 2788447580293845340}
    m_Modifications:
    - target: {fileID: 1628647432317226, guid: 67d9a37adf80fda47b96158b11670d43, type: 3}
      propertyPath: m_Name
      value: SM_Prop_Toilet_01
      objectReference: {fileID: 0}
    - target: {fileID: 4808142558725760, guid: 67d9a37adf80fda47b96158b11670d43, type: 3}
      propertyPath: m_RootOrder
      value: 3
      objectReference: {fileID: 0}
    - target: {fileID: 4808142558725760, guid: 67d9a37adf80fda47b96158b11670d43, type: 3}
      propertyPath: m_LocalPosition.x
      value: -1.6134529
      objectReference: {fileID: 0}
    - target: {fileID: 4808142558725760, guid: 67d9a37adf80fda47b96158b11670d43, type: 3}
      propertyPath: m_LocalPosition.y
      value: -0.04988849
      objectReference: {fileID: 0}
    - target: {fileID: 4808142558725760, guid: 67d9a37adf80fda47b96158b11670d43, type: 3}
      propertyPath: m_LocalPosition.z
      value: 0.7690201
      objectReference: {fileID: 0}
    - target: {fileID: 4808142558725760, guid: 67d9a37adf80fda47b96158b11670d43, type: 3}
      propertyPath: m_LocalRotation.w
      value: 0.7071068
      objectReference: {fileID: 0}
    - target: {fileID: 4808142558725760, guid: 67d9a37adf80fda47b96158b11670d43, type: 3}
      propertyPath: m_LocalRotation.x
      value: 0
      objectReference: {fileID: 0}
    - target: {fileID: 4808142558725760, guid: 67d9a37adf80fda47b96158b11670d43, type: 3}
      propertyPath: m_LocalRotation.y
      value: 0.7071068
      objectReference: {fileID: 0}
    - target: {fileID: 4808142558725760, guid: 67d9a37adf80fda47b96158b11670d43, type: 3}
      propertyPath: m_LocalRotation.z
      value: 0
      objectReference: {fileID: 0}
    - target: {fileID: 4808142558725760, guid: 67d9a37adf80fda47b96158b11670d43, type: 3}
      propertyPath: m_LocalEulerAnglesHint.x
      value: 0
      objectReference: {fileID: 0}
    - target: {fileID: 4808142558725760, guid: 67d9a37adf80fda47b96158b11670d43, type: 3}
      propertyPath: m_LocalEulerAnglesHint.y
      value: 90
      objectReference: {fileID: 0}
    - target: {fileID: 4808142558725760, guid: 67d9a37adf80fda47b96158b11670d43, type: 3}
      propertyPath: m_LocalEulerAnglesHint.z
      value: 0
      objectReference: {fileID: 0}
    m_RemovedComponents: []
  m_SourcePrefab: {fileID: 100100000, guid: 67d9a37adf80fda47b96158b11670d43, type: 3}
--- !u!4 &2784239102740392580 stripped
Transform:
  m_CorrespondingSourceObject: {fileID: 4808142558725760, guid: 67d9a37adf80fda47b96158b11670d43, type: 3}
  m_PrefabInstance: {fileID: 2788447578741140484}
  m_PrefabAsset: {fileID: 0}
--- !u!1001 &2788447578748901468
PrefabInstance:
  m_ObjectHideFlags: 0
  serializedVersion: 2
  m_Modification:
    m_TransformParent: {fileID: 2788447579689693253}
    m_Modifications:
    - target: {fileID: 1052587204435960, guid: a99e925af17968346a3f898fcfe65cd8, type: 3}
      propertyPath: m_StaticEditorFlags
      value: 4294967295
      objectReference: {fileID: 0}
    - target: {fileID: 1356204956930544, guid: a99e925af17968346a3f898fcfe65cd8, type: 3}
      propertyPath: m_Name
      value: SM_Bld_Wall_Doorframe_06 (3)
      objectReference: {fileID: 0}
    - target: {fileID: 1356204956930544, guid: a99e925af17968346a3f898fcfe65cd8, type: 3}
      propertyPath: m_IsActive
      value: 1
      objectReference: {fileID: 0}
    - target: {fileID: 1356204956930544, guid: a99e925af17968346a3f898fcfe65cd8, type: 3}
      propertyPath: m_StaticEditorFlags
      value: 4294967295
      objectReference: {fileID: 0}
    - target: {fileID: 4325976908142352, guid: a99e925af17968346a3f898fcfe65cd8, type: 3}
      propertyPath: m_RootOrder
      value: 0
      objectReference: {fileID: 0}
    - target: {fileID: 4325976908142352, guid: a99e925af17968346a3f898fcfe65cd8, type: 3}
      propertyPath: m_LocalPosition.x
      value: 2.5
      objectReference: {fileID: 0}
    - target: {fileID: 4325976908142352, guid: a99e925af17968346a3f898fcfe65cd8, type: 3}
      propertyPath: m_LocalPosition.y
      value: -1.6781728
      objectReference: {fileID: 0}
    - target: {fileID: 4325976908142352, guid: a99e925af17968346a3f898fcfe65cd8, type: 3}
      propertyPath: m_LocalPosition.z
      value: -2.1966553
      objectReference: {fileID: 0}
    - target: {fileID: 4325976908142352, guid: a99e925af17968346a3f898fcfe65cd8, type: 3}
      propertyPath: m_LocalRotation.w
      value: 1
      objectReference: {fileID: 0}
    - target: {fileID: 4325976908142352, guid: a99e925af17968346a3f898fcfe65cd8, type: 3}
      propertyPath: m_LocalRotation.x
      value: -0
      objectReference: {fileID: 0}
    - target: {fileID: 4325976908142352, guid: a99e925af17968346a3f898fcfe65cd8, type: 3}
      propertyPath: m_LocalRotation.y
      value: -0
      objectReference: {fileID: 0}
    - target: {fileID: 4325976908142352, guid: a99e925af17968346a3f898fcfe65cd8, type: 3}
      propertyPath: m_LocalRotation.z
      value: -0
      objectReference: {fileID: 0}
    - target: {fileID: 4325976908142352, guid: a99e925af17968346a3f898fcfe65cd8, type: 3}
      propertyPath: m_LocalEulerAnglesHint.y
      value: 0
      objectReference: {fileID: 0}
    - target: {fileID: 4530545607528316, guid: a99e925af17968346a3f898fcfe65cd8, type: 3}
      propertyPath: m_RootOrder
      value: 0
      objectReference: {fileID: 0}
    - target: {fileID: 4530545607528316, guid: a99e925af17968346a3f898fcfe65cd8, type: 3}
      propertyPath: m_LocalRotation.w
      value: 0.6655967
      objectReference: {fileID: 0}
    - target: {fileID: 4530545607528316, guid: a99e925af17968346a3f898fcfe65cd8, type: 3}
      propertyPath: m_LocalRotation.x
      value: -0
      objectReference: {fileID: 0}
    - target: {fileID: 4530545607528316, guid: a99e925af17968346a3f898fcfe65cd8, type: 3}
      propertyPath: m_LocalRotation.y
      value: 0.74631166
      objectReference: {fileID: 0}
    - target: {fileID: 4530545607528316, guid: a99e925af17968346a3f898fcfe65cd8, type: 3}
      propertyPath: m_LocalRotation.z
      value: -0
      objectReference: {fileID: 0}
    - target: {fileID: 4530545607528316, guid: a99e925af17968346a3f898fcfe65cd8, type: 3}
      propertyPath: m_LocalEulerAnglesHint.y
      value: 96.54401
      objectReference: {fileID: 0}
    m_RemovedComponents: []
  m_SourcePrefab: {fileID: 100100000, guid: a99e925af17968346a3f898fcfe65cd8, type: 3}
--- !u!4 &2791616314966986572 stripped
Transform:
  m_CorrespondingSourceObject: {fileID: 4325976908142352, guid: a99e925af17968346a3f898fcfe65cd8, type: 3}
  m_PrefabInstance: {fileID: 2788447578748901468}
  m_PrefabAsset: {fileID: 0}
--- !u!1001 &2788447578987491495
PrefabInstance:
  m_ObjectHideFlags: 0
  serializedVersion: 2
  m_Modification:
    m_TransformParent: {fileID: 2788447580293845340}
    m_Modifications:
    - target: {fileID: 1188650365440122, guid: 66e6344a493b65542ae582e85907dfe7, type: 3}
      propertyPath: m_Name
      value: SM_Prop_Buttons_14
      objectReference: {fileID: 0}
    - target: {fileID: 1188650365440122, guid: 66e6344a493b65542ae582e85907dfe7, type: 3}
      propertyPath: m_StaticEditorFlags
      value: 4294967295
      objectReference: {fileID: 0}
    - target: {fileID: 4082225186556528, guid: 66e6344a493b65542ae582e85907dfe7, type: 3}
      propertyPath: m_RootOrder
      value: 1
      objectReference: {fileID: 0}
    - target: {fileID: 4082225186556528, guid: 66e6344a493b65542ae582e85907dfe7, type: 3}
      propertyPath: m_LocalScale.x
      value: 2
      objectReference: {fileID: 0}
    - target: {fileID: 4082225186556528, guid: 66e6344a493b65542ae582e85907dfe7, type: 3}
      propertyPath: m_LocalScale.y
      value: 4
      objectReference: {fileID: 0}
    - target: {fileID: 4082225186556528, guid: 66e6344a493b65542ae582e85907dfe7, type: 3}
      propertyPath: m_LocalScale.z
      value: 2
      objectReference: {fileID: 0}
    - target: {fileID: 4082225186556528, guid: 66e6344a493b65542ae582e85907dfe7, type: 3}
      propertyPath: m_LocalPosition.x
      value: -2.159
      objectReference: {fileID: 0}
    - target: {fileID: 4082225186556528, guid: 66e6344a493b65542ae582e85907dfe7, type: 3}
      propertyPath: m_LocalPosition.y
      value: -0.04988849
      objectReference: {fileID: 0}
    - target: {fileID: 4082225186556528, guid: 66e6344a493b65542ae582e85907dfe7, type: 3}
      propertyPath: m_LocalPosition.z
      value: 0.895
      objectReference: {fileID: 0}
    - target: {fileID: 4082225186556528, guid: 66e6344a493b65542ae582e85907dfe7, type: 3}
      propertyPath: m_LocalRotation.w
      value: 1
      objectReference: {fileID: 0}
    - target: {fileID: 4082225186556528, guid: 66e6344a493b65542ae582e85907dfe7, type: 3}
      propertyPath: m_LocalRotation.x
      value: -0
      objectReference: {fileID: 0}
    - target: {fileID: 4082225186556528, guid: 66e6344a493b65542ae582e85907dfe7, type: 3}
      propertyPath: m_LocalRotation.y
      value: -0
      objectReference: {fileID: 0}
    - target: {fileID: 4082225186556528, guid: 66e6344a493b65542ae582e85907dfe7, type: 3}
      propertyPath: m_LocalRotation.z
      value: -0
      objectReference: {fileID: 0}
    - target: {fileID: 4082225186556528, guid: 66e6344a493b65542ae582e85907dfe7, type: 3}
      propertyPath: m_LocalEulerAnglesHint.x
      value: 0
      objectReference: {fileID: 0}
    - target: {fileID: 4082225186556528, guid: 66e6344a493b65542ae582e85907dfe7, type: 3}
      propertyPath: m_LocalEulerAnglesHint.y
      value: 0
      objectReference: {fileID: 0}
    - target: {fileID: 4082225186556528, guid: 66e6344a493b65542ae582e85907dfe7, type: 3}
      propertyPath: m_LocalEulerAnglesHint.z
      value: 0
      objectReference: {fileID: 0}
    m_RemovedComponents: []
  m_SourcePrefab: {fileID: 100100000, guid: 66e6344a493b65542ae582e85907dfe7, type: 3}
--- !u!4 &2791121878595123927 stripped
Transform:
  m_CorrespondingSourceObject: {fileID: 4082225186556528, guid: 66e6344a493b65542ae582e85907dfe7, type: 3}
  m_PrefabInstance: {fileID: 2788447578987491495}
  m_PrefabAsset: {fileID: 0}
--- !u!1001 &2788447579651960370
PrefabInstance:
  m_ObjectHideFlags: 0
  serializedVersion: 2
  m_Modification:
    m_TransformParent: {fileID: 2788447580293845340}
    m_Modifications:
    - target: {fileID: 1335902557864088, guid: 7452b604be80d6247ac7ed13da6c3db8, type: 3}
      propertyPath: m_Name
      value: SM_Prop_Sink_01
      objectReference: {fileID: 0}
    - target: {fileID: 4769903335650002, guid: 7452b604be80d6247ac7ed13da6c3db8, type: 3}
      propertyPath: m_RootOrder
      value: 2
      objectReference: {fileID: 0}
    - target: {fileID: 4769903335650002, guid: 7452b604be80d6247ac7ed13da6c3db8, type: 3}
      propertyPath: m_LocalPosition.x
      value: 0.21954727
      objectReference: {fileID: 0}
    - target: {fileID: 4769903335650002, guid: 7452b604be80d6247ac7ed13da6c3db8, type: 3}
      propertyPath: m_LocalPosition.y
      value: -0.04988849
      objectReference: {fileID: 0}
    - target: {fileID: 4769903335650002, guid: 7452b604be80d6247ac7ed13da6c3db8, type: 3}
      propertyPath: m_LocalPosition.z
      value: -0.895
      objectReference: {fileID: 0}
    - target: {fileID: 4769903335650002, guid: 7452b604be80d6247ac7ed13da6c3db8, type: 3}
      propertyPath: m_LocalRotation.w
      value: 0.7071068
      objectReference: {fileID: 0}
    - target: {fileID: 4769903335650002, guid: 7452b604be80d6247ac7ed13da6c3db8, type: 3}
      propertyPath: m_LocalRotation.x
      value: -0
      objectReference: {fileID: 0}
    - target: {fileID: 4769903335650002, guid: 7452b604be80d6247ac7ed13da6c3db8, type: 3}
      propertyPath: m_LocalRotation.y
      value: -0.7071068
      objectReference: {fileID: 0}
    - target: {fileID: 4769903335650002, guid: 7452b604be80d6247ac7ed13da6c3db8, type: 3}
      propertyPath: m_LocalRotation.z
      value: -0
      objectReference: {fileID: 0}
    - target: {fileID: 4769903335650002, guid: 7452b604be80d6247ac7ed13da6c3db8, type: 3}
      propertyPath: m_LocalEulerAnglesHint.x
      value: 0
      objectReference: {fileID: 0}
    - target: {fileID: 4769903335650002, guid: 7452b604be80d6247ac7ed13da6c3db8, type: 3}
      propertyPath: m_LocalEulerAnglesHint.y
      value: -90
      objectReference: {fileID: 0}
    - target: {fileID: 4769903335650002, guid: 7452b604be80d6247ac7ed13da6c3db8, type: 3}
      propertyPath: m_LocalEulerAnglesHint.z
      value: 0
      objectReference: {fileID: 0}
    m_RemovedComponents: []
  m_SourcePrefab: {fileID: 100100000, guid: 7452b604be80d6247ac7ed13da6c3db8, type: 3}
--- !u!4 &2783924406351355104 stripped
Transform:
  m_CorrespondingSourceObject: {fileID: 4769903335650002, guid: 7452b604be80d6247ac7ed13da6c3db8, type: 3}
  m_PrefabInstance: {fileID: 2788447579651960370}
  m_PrefabAsset: {fileID: 0}
--- !u!1001 &2788447580648236078
PrefabInstance:
  m_ObjectHideFlags: 0
  serializedVersion: 2
  m_Modification:
    m_TransformParent: {fileID: 2788447580293845340}
    m_Modifications:
    - target: {fileID: 1419430644115202, guid: 96ec3966e2e9e004086cf5209750e0b2, type: 3}
      propertyPath: m_Name
      value: SM_Prop_Crate_01
      objectReference: {fileID: 0}
    - target: {fileID: 4478677164199236, guid: 96ec3966e2e9e004086cf5209750e0b2, type: 3}
      propertyPath: m_RootOrder
      value: 0
      objectReference: {fileID: 0}
    - target: {fileID: 4478677164199236, guid: 96ec3966e2e9e004086cf5209750e0b2, type: 3}
      propertyPath: m_LocalPosition.x
      value: -0.454
      objectReference: {fileID: 0}
    - target: {fileID: 4478677164199236, guid: 96ec3966e2e9e004086cf5209750e0b2, type: 3}
      propertyPath: m_LocalPosition.y
      value: -0.04988849
      objectReference: {fileID: 0}
    - target: {fileID: 4478677164199236, guid: 96ec3966e2e9e004086cf5209750e0b2, type: 3}
      propertyPath: m_LocalPosition.z
      value: 0.694
      objectReference: {fileID: 0}
    - target: {fileID: 4478677164199236, guid: 96ec3966e2e9e004086cf5209750e0b2, type: 3}
      propertyPath: m_LocalRotation.w
      value: 0.9564121
      objectReference: {fileID: 0}
    - target: {fileID: 4478677164199236, guid: 96ec3966e2e9e004086cf5209750e0b2, type: 3}
      propertyPath: m_LocalRotation.x
      value: -0
      objectReference: {fileID: 0}
    - target: {fileID: 4478677164199236, guid: 96ec3966e2e9e004086cf5209750e0b2, type: 3}
      propertyPath: m_LocalRotation.y
      value: 0.29202068
      objectReference: {fileID: 0}
    - target: {fileID: 4478677164199236, guid: 96ec3966e2e9e004086cf5209750e0b2, type: 3}
      propertyPath: m_LocalRotation.z
      value: -0
      objectReference: {fileID: 0}
    - target: {fileID: 4478677164199236, guid: 96ec3966e2e9e004086cf5209750e0b2, type: 3}
      propertyPath: m_LocalEulerAnglesHint.x
      value: 0
      objectReference: {fileID: 0}
    - target: {fileID: 4478677164199236, guid: 96ec3966e2e9e004086cf5209750e0b2, type: 3}
      propertyPath: m_LocalEulerAnglesHint.y
      value: 33.958
      objectReference: {fileID: 0}
    - target: {fileID: 4478677164199236, guid: 96ec3966e2e9e004086cf5209750e0b2, type: 3}
      propertyPath: m_LocalEulerAnglesHint.z
      value: 0
      objectReference: {fileID: 0}
    m_RemovedComponents: []
  m_SourcePrefab: {fileID: 100100000, guid: 96ec3966e2e9e004086cf5209750e0b2, type: 3}
--- !u!4 &2791500704168700266 stripped
Transform:
  m_CorrespondingSourceObject: {fileID: 4478677164199236, guid: 96ec3966e2e9e004086cf5209750e0b2, type: 3}
  m_PrefabInstance: {fileID: 2788447580648236078}
  m_PrefabAsset: {fileID: 0}
--- !u!1001 &3978746591790622438
PrefabInstance:
  m_ObjectHideFlags: 0
  serializedVersion: 2
  m_Modification:
    m_TransformParent: {fileID: 2788447580293845340}
    m_Modifications:
    - target: {fileID: 1440850147344142, guid: 3b6822620dff24e4f9c2c71a04fd47e0, type: 3}
      propertyPath: m_Name
      value: SM_Prop_Crate_04
      objectReference: {fileID: 0}
    - target: {fileID: 1440850147344142, guid: 3b6822620dff24e4f9c2c71a04fd47e0, type: 3}
      propertyPath: m_StaticEditorFlags
      value: 4294967295
      objectReference: {fileID: 0}
    - target: {fileID: 4415787208986834, guid: 3b6822620dff24e4f9c2c71a04fd47e0, type: 3}
      propertyPath: m_RootOrder
      value: 5
      objectReference: {fileID: 0}
    - target: {fileID: 4415787208986834, guid: 3b6822620dff24e4f9c2c71a04fd47e0, type: 3}
      propertyPath: m_LocalScale.x
      value: 0.6
      objectReference: {fileID: 0}
    - target: {fileID: 4415787208986834, guid: 3b6822620dff24e4f9c2c71a04fd47e0, type: 3}
      propertyPath: m_LocalScale.y
      value: 2.5
      objectReference: {fileID: 0}
    - target: {fileID: 4415787208986834, guid: 3b6822620dff24e4f9c2c71a04fd47e0, type: 3}
      propertyPath: m_LocalScale.z
      value: 0.5
      objectReference: {fileID: 0}
    - target: {fileID: 4415787208986834, guid: 3b6822620dff24e4f9c2c71a04fd47e0, type: 3}
      propertyPath: m_LocalPosition.x
      value: -3.17
      objectReference: {fileID: 0}
    - target: {fileID: 4415787208986834, guid: 3b6822620dff24e4f9c2c71a04fd47e0, type: 3}
      propertyPath: m_LocalPosition.y
      value: 0
      objectReference: {fileID: 0}
    - target: {fileID: 4415787208986834, guid: 3b6822620dff24e4f9c2c71a04fd47e0, type: 3}
      propertyPath: m_LocalPosition.z
      value: -1.058
      objectReference: {fileID: 0}
    - target: {fileID: 4415787208986834, guid: 3b6822620dff24e4f9c2c71a04fd47e0, type: 3}
      propertyPath: m_LocalRotation.w
      value: 0.7071068
      objectReference: {fileID: 0}
    - target: {fileID: 4415787208986834, guid: 3b6822620dff24e4f9c2c71a04fd47e0, type: 3}
      propertyPath: m_LocalRotation.x
      value: 0
      objectReference: {fileID: 0}
    - target: {fileID: 4415787208986834, guid: 3b6822620dff24e4f9c2c71a04fd47e0, type: 3}
      propertyPath: m_LocalRotation.y
      value: 0.7071068
      objectReference: {fileID: 0}
    - target: {fileID: 4415787208986834, guid: 3b6822620dff24e4f9c2c71a04fd47e0, type: 3}
      propertyPath: m_LocalRotation.z
      value: 0
      objectReference: {fileID: 0}
    - target: {fileID: 4415787208986834, guid: 3b6822620dff24e4f9c2c71a04fd47e0, type: 3}
      propertyPath: m_LocalEulerAnglesHint.x
      value: 0
      objectReference: {fileID: 0}
    - target: {fileID: 4415787208986834, guid: 3b6822620dff24e4f9c2c71a04fd47e0, type: 3}
      propertyPath: m_LocalEulerAnglesHint.y
      value: 90
      objectReference: {fileID: 0}
    - target: {fileID: 4415787208986834, guid: 3b6822620dff24e4f9c2c71a04fd47e0, type: 3}
      propertyPath: m_LocalEulerAnglesHint.z
      value: 0
      objectReference: {fileID: 0}
    - target: {fileID: 64529117346276672, guid: 3b6822620dff24e4f9c2c71a04fd47e0, type: 3}
      propertyPath: m_Mesh
      value: 
      objectReference: {fileID: 0}
    m_RemovedComponents: []
  m_SourcePrefab: {fileID: 100100000, guid: 3b6822620dff24e4f9c2c71a04fd47e0, type: 3}
--- !u!4 &3979186265680983604 stripped
Transform:
  m_CorrespondingSourceObject: {fileID: 4415787208986834, guid: 3b6822620dff24e4f9c2c71a04fd47e0, type: 3}
  m_PrefabInstance: {fileID: 3978746591790622438}
  m_PrefabAsset: {fileID: 0}
