%YAML 1.1
%TAG !u! tag:unity3d.com,2011:
--- !u!1 &7566109810539137063
GameObject:
  m_ObjectHideFlags: 0
  m_CorrespondingSourceObject: {fileID: 0}
  m_PrefabInstance: {fileID: 0}
  m_PrefabAsset: {fileID: 0}
  serializedVersion: 6
  m_Component:
  - component: {fileID: 7568491766927536019}
  - component: {fileID: 7597724057465975363}
  - component: {fileID: 7590221917111063591}
  - component: {fileID: 1216788339596555571}
  m_Layer: 0
  m_Name: Screen(3)
  m_TagString: Untagged
  m_Icon: {fileID: 0}
  m_NavMeshLayer: 0
  m_StaticEditorFlags: 0
  m_IsActive: 1
--- !u!4 &7568491766927536019
Transform:
  m_ObjectHideFlags: 0
  m_CorrespondingSourceObject: {fileID: 0}
  m_PrefabInstance: {fileID: 0}
  m_PrefabAsset: {fileID: 0}
  m_GameObject: {fileID: 7566109810539137063}
  m_LocalRotation: {x: 0, y: 0.9125596, z: 0, w: 0.4089437}
  m_LocalPosition: {x: 0, y: 0, z: 0}
  m_LocalScale: {x: 0.9712743, y: 1.0764575, z: 1}
  m_Children:
  - {fileID: 7568517192191193043}
  - {fileID: 7568556460654618572}
  - {fileID: 7568556460513063830}
  - {fileID: 7568517192553236865}
  - {fileID: 7572620622615072539}
  - {fileID: 7568604860895176079}
  - {fileID: 7568604861490432310}
  - {fileID: 7568354218251047436}
  - {fileID: 7572603998995317970}
  - {fileID: 7572620623700314473}
  - {fileID: 7572342712333327303}
  - {fileID: 7572345557783965171}
  m_Father: {fileID: 0}
  m_RootOrder: 0
  m_LocalEulerAnglesHint: {x: 0, y: 131.723, z: 0}
--- !u!33 &7597724057465975363
MeshFilter:
  m_ObjectHideFlags: 0
  m_CorrespondingSourceObject: {fileID: 0}
  m_PrefabInstance: {fileID: 0}
  m_PrefabAsset: {fileID: 0}
  m_GameObject: {fileID: 7566109810539137063}
  m_Mesh: {fileID: 4300000, guid: 83537aea04643f7469b4025ebca0e35e, type: 3}
--- !u!23 &7590221917111063591
MeshRenderer:
  m_ObjectHideFlags: 0
  m_CorrespondingSourceObject: {fileID: 0}
  m_PrefabInstance: {fileID: 0}
  m_PrefabAsset: {fileID: 0}
  m_GameObject: {fileID: 7566109810539137063}
  m_Enabled: 1
  m_CastShadows: 1
  m_ReceiveShadows: 1
  m_DynamicOccludee: 1
  m_MotionVectors: 1
  m_LightProbeUsage: 1
  m_ReflectionProbeUsage: 1
  m_RayTracingMode: 2
  m_RayTraceProcedural: 0
  m_RenderingLayerMask: 1
  m_RendererPriority: 0
  m_Materials:
  - {fileID: 2100000, guid: 16979365a2f31f543847bd8b1d3dee73, type: 2}
  m_StaticBatchInfo:
    firstSubMesh: 0
    subMeshCount: 0
  m_StaticBatchRoot: {fileID: 0}
  m_ProbeAnchor: {fileID: 0}
  m_LightProbeVolumeOverride: {fileID: 0}
  m_ScaleInLightmap: 1
  m_ReceiveGI: 1
  m_PreserveUVs: 0
  m_IgnoreNormalsForChartDetection: 0
  m_ImportantGI: 0
  m_StitchLightmapSeams: 1
  m_SelectedEditorRenderState: 3
  m_MinimumChartSize: 4
  m_AutoUVMaxDistance: 0.5
  m_AutoUVMaxAngle: 89
  m_LightmapParameters: {fileID: 0}
  m_SortingLayerID: 0
  m_SortingLayer: 0
  m_SortingOrder: 0
  m_AdditionalVertexStreams: {fileID: 0}
--- !u!108 &1216788339596555571
Light:
  m_ObjectHideFlags: 0
  m_CorrespondingSourceObject: {fileID: 0}
  m_PrefabInstance: {fileID: 0}
  m_PrefabAsset: {fileID: 0}
  m_GameObject: {fileID: 7566109810539137063}
  m_Enabled: 1
  serializedVersion: 10
  m_Type: 2
  m_Shape: 0
  m_Color: {r: 0, g: 0.56719637, b: 1, a: 1}
  m_Intensity: 2
  m_Range: 10
  m_SpotAngle: 30
  m_InnerSpotAngle: 21.80208
  m_CookieSize: 10
  m_Shadows:
    m_Type: 2
    m_Resolution: -1
    m_CustomResolution: -1
    m_Strength: 1
    m_Bias: 0.05
    m_NormalBias: 0.4
    m_NearPlane: 0.2
    m_CullingMatrixOverride:
      e00: 1
      e01: 0
      e02: 0
      e03: 0
      e10: 0
      e11: 1
      e12: 0
      e13: 0
      e20: 0
      e21: 0
      e22: 1
      e23: 0
      e30: 0
      e31: 0
      e32: 0
      e33: 1
    m_UseCullingMatrixOverride: 0
  m_Cookie: {fileID: 0}
  m_DrawHalo: 0
  m_Flare: {fileID: 0}
  m_RenderMode: 0
  m_CullingMask:
    serializedVersion: 2
    m_Bits: 4294967295
  m_RenderingLayerMask: 1
  m_Lightmapping: 2
  m_LightShadowCasterMode: 0
  m_AreaSize: {x: 1, y: 1}
  m_BounceIntensity: 1
  m_ColorTemperature: 6570
  m_UseColorTemperature: 0
  m_BoundingSphereOverride: {x: 0, y: 0, z: 0, w: 0}
  m_UseBoundingSphereOverride: 0
  m_UseViewFrustumForShadowCasterCull: 1
  m_ShadowRadius: 0
  m_ShadowAngle: 0
--- !u!1001 &7567831211429270224
PrefabInstance:
  m_ObjectHideFlags: 0
  serializedVersion: 2
  m_Modification:
    m_TransformParent: {fileID: 7568491766927536019}
    m_Modifications:
    - target: {fileID: 4817317956064770, guid: 7b3220f81ebb4a042a7fb3af062020d8, type: 3}
      propertyPath: m_RootOrder
      value: 8
      objectReference: {fileID: 0}
    - target: {fileID: 4817317956064770, guid: 7b3220f81ebb4a042a7fb3af062020d8, type: 3}
      propertyPath: m_LocalScale.x
      value: 0.6484486
      objectReference: {fileID: 0}
    - target: {fileID: 4817317956064770, guid: 7b3220f81ebb4a042a7fb3af062020d8, type: 3}
      propertyPath: m_LocalScale.y
      value: 0.5850871
      objectReference: {fileID: 0}
    - target: {fileID: 4817317956064770, guid: 7b3220f81ebb4a042a7fb3af062020d8, type: 3}
      propertyPath: m_LocalScale.z
      value: 0.6298215
      objectReference: {fileID: 0}
    - target: {fileID: 4817317956064770, guid: 7b3220f81ebb4a042a7fb3af062020d8, type: 3}
      propertyPath: m_LocalPosition.x
      value: -0.003088993
      objectReference: {fileID: 0}
    - target: {fileID: 4817317956064770, guid: 7b3220f81ebb4a042a7fb3af062020d8, type: 3}
      propertyPath: m_LocalPosition.y
      value: 0.0018579462
      objectReference: {fileID: 0}
    - target: {fileID: 4817317956064770, guid: 7b3220f81ebb4a042a7fb3af062020d8, type: 3}
      propertyPath: m_LocalPosition.z
      value: 0
      objectReference: {fileID: 0}
    - target: {fileID: 4817317956064770, guid: 7b3220f81ebb4a042a7fb3af062020d8, type: 3}
      propertyPath: m_LocalRotation.w
      value: 1
      objectReference: {fileID: 0}
    - target: {fileID: 4817317956064770, guid: 7b3220f81ebb4a042a7fb3af062020d8, type: 3}
      propertyPath: m_LocalRotation.x
      value: 0
      objectReference: {fileID: 0}
    - target: {fileID: 4817317956064770, guid: 7b3220f81ebb4a042a7fb3af062020d8, type: 3}
      propertyPath: m_LocalRotation.y
      value: 0
      objectReference: {fileID: 0}
    - target: {fileID: 4817317956064770, guid: 7b3220f81ebb4a042a7fb3af062020d8, type: 3}
      propertyPath: m_LocalRotation.z
      value: 0
      objectReference: {fileID: 0}
    m_RemovedComponents: []
  m_SourcePrefab: {fileID: 100100000, guid: 7b3220f81ebb4a042a7fb3af062020d8, type: 3}
--- !u!4 &7572603998995317970 stripped
Transform:
  m_CorrespondingSourceObject: {fileID: 4817317956064770, guid: 7b3220f81ebb4a042a7fb3af062020d8, type: 3}
  m_PrefabInstance: {fileID: 7567831211429270224}
  m_PrefabAsset: {fileID: 0}
--- !u!1001 &7567831211600670191
PrefabInstance:
  m_ObjectHideFlags: 0
  serializedVersion: 2
  m_Modification:
    m_TransformParent: {fileID: 7568491766927536019}
    m_Modifications:
    - target: {fileID: 1784553658212784, guid: d1fa72b6cbaee5c4db926fdaa3cfedf4, type: 3}
      propertyPath: m_Name
      value: SM_Hud_Text_Arrow_01 (2)
      objectReference: {fileID: 0}
    - target: {fileID: 4099174021481020, guid: d1fa72b6cbaee5c4db926fdaa3cfedf4, type: 3}
      propertyPath: m_RootOrder
      value: 0
      objectReference: {fileID: 0}
    - target: {fileID: 4099174021481020, guid: d1fa72b6cbaee5c4db926fdaa3cfedf4, type: 3}
      propertyPath: m_LocalScale.x
      value: 0.928973
      objectReference: {fileID: 0}
    - target: {fileID: 4099174021481020, guid: d1fa72b6cbaee5c4db926fdaa3cfedf4, type: 3}
      propertyPath: m_LocalScale.y
      value: 1.0295753
      objectReference: {fileID: 0}
    - target: {fileID: 4099174021481020, guid: d1fa72b6cbaee5c4db926fdaa3cfedf4, type: 3}
      propertyPath: m_LocalPosition.x
      value: 0.316908
      objectReference: {fileID: 0}
    - target: {fileID: 4099174021481020, guid: d1fa72b6cbaee5c4db926fdaa3cfedf4, type: 3}
      propertyPath: m_LocalPosition.y
      value: -0.12
      objectReference: {fileID: 0}
    - target: {fileID: 4099174021481020, guid: d1fa72b6cbaee5c4db926fdaa3cfedf4, type: 3}
      propertyPath: m_LocalPosition.z
      value: 0
      objectReference: {fileID: 0}
    - target: {fileID: 4099174021481020, guid: d1fa72b6cbaee5c4db926fdaa3cfedf4, type: 3}
      propertyPath: m_LocalRotation.w
      value: 0.7071075
      objectReference: {fileID: 0}
    - target: {fileID: 4099174021481020, guid: d1fa72b6cbaee5c4db926fdaa3cfedf4, type: 3}
      propertyPath: m_LocalRotation.x
      value: 0
      objectReference: {fileID: 0}
    - target: {fileID: 4099174021481020, guid: d1fa72b6cbaee5c4db926fdaa3cfedf4, type: 3}
      propertyPath: m_LocalRotation.y
      value: 0
      objectReference: {fileID: 0}
    - target: {fileID: 4099174021481020, guid: d1fa72b6cbaee5c4db926fdaa3cfedf4, type: 3}
      propertyPath: m_LocalRotation.z
      value: -0.7071061
      objectReference: {fileID: 0}
    m_RemovedComponents: []
  m_SourcePrefab: {fileID: 100100000, guid: d1fa72b6cbaee5c4db926fdaa3cfedf4, type: 3}
--- !u!4 &7568517192191193043 stripped
Transform:
  m_CorrespondingSourceObject: {fileID: 4099174021481020, guid: d1fa72b6cbaee5c4db926fdaa3cfedf4, type: 3}
  m_PrefabInstance: {fileID: 7567831211600670191}
  m_PrefabAsset: {fileID: 0}
--- !u!1001 &7567831211680974094
PrefabInstance:
  m_ObjectHideFlags: 0
  serializedVersion: 2
  m_Modification:
    m_TransformParent: {fileID: 7568491766927536019}
    m_Modifications:
    - target: {fileID: 1898228538971292, guid: 1852ce2a8e3023f43bd46803526138f4, type: 3}
      propertyPath: m_Name
      value: SM_Hud_Text_04 (3)
      objectReference: {fileID: 0}
    - target: {fileID: 4147788145604248, guid: 1852ce2a8e3023f43bd46803526138f4, type: 3}
      propertyPath: m_RootOrder
      value: 2
      objectReference: {fileID: 0}
    - target: {fileID: 4147788145604248, guid: 1852ce2a8e3023f43bd46803526138f4, type: 3}
      propertyPath: m_LocalScale.x
      value: 0.6122266
      objectReference: {fileID: 0}
    - target: {fileID: 4147788145604248, guid: 1852ce2a8e3023f43bd46803526138f4, type: 3}
      propertyPath: m_LocalScale.y
      value: 0.928973
      objectReference: {fileID: 0}
    - target: {fileID: 4147788145604248, guid: 1852ce2a8e3023f43bd46803526138f4, type: 3}
      propertyPath: m_LocalPosition.x
      value: 0.41290784
      objectReference: {fileID: 0}
    - target: {fileID: 4147788145604248, guid: 1852ce2a8e3023f43bd46803526138f4, type: 3}
      propertyPath: m_LocalPosition.y
      value: -0.206
      objectReference: {fileID: 0}
    - target: {fileID: 4147788145604248, guid: 1852ce2a8e3023f43bd46803526138f4, type: 3}
      propertyPath: m_LocalPosition.z
      value: 0
      objectReference: {fileID: 0}
    - target: {fileID: 4147788145604248, guid: 1852ce2a8e3023f43bd46803526138f4, type: 3}
      propertyPath: m_LocalRotation.w
      value: 1
      objectReference: {fileID: 0}
    - target: {fileID: 4147788145604248, guid: 1852ce2a8e3023f43bd46803526138f4, type: 3}
      propertyPath: m_LocalRotation.x
      value: 0
      objectReference: {fileID: 0}
    - target: {fileID: 4147788145604248, guid: 1852ce2a8e3023f43bd46803526138f4, type: 3}
      propertyPath: m_LocalRotation.y
      value: 0
      objectReference: {fileID: 0}
    - target: {fileID: 4147788145604248, guid: 1852ce2a8e3023f43bd46803526138f4, type: 3}
      propertyPath: m_LocalRotation.z
      value: 0
      objectReference: {fileID: 0}
    m_RemovedComponents: []
  m_SourcePrefab: {fileID: 100100000, guid: 1852ce2a8e3023f43bd46803526138f4, type: 3}
--- !u!4 &7568556460513063830 stripped
Transform:
  m_CorrespondingSourceObject: {fileID: 4147788145604248, guid: 1852ce2a8e3023f43bd46803526138f4, type: 3}
  m_PrefabInstance: {fileID: 7567831211680974094}
  m_PrefabAsset: {fileID: 0}
--- !u!1001 &7567831211909761981
PrefabInstance:
  m_ObjectHideFlags: 0
  serializedVersion: 2
  m_Modification:
    m_TransformParent: {fileID: 7568491766927536019}
    m_Modifications:
    - target: {fileID: 1784553658212784, guid: d1fa72b6cbaee5c4db926fdaa3cfedf4, type: 3}
      propertyPath: m_Name
      value: SM_Hud_Text_Arrow_01 (3)
      objectReference: {fileID: 0}
    - target: {fileID: 4099174021481020, guid: d1fa72b6cbaee5c4db926fdaa3cfedf4, type: 3}
      propertyPath: m_RootOrder
      value: 3
      objectReference: {fileID: 0}
    - target: {fileID: 4099174021481020, guid: d1fa72b6cbaee5c4db926fdaa3cfedf4, type: 3}
      propertyPath: m_LocalScale.x
      value: 0.928973
      objectReference: {fileID: 0}
    - target: {fileID: 4099174021481020, guid: d1fa72b6cbaee5c4db926fdaa3cfedf4, type: 3}
      propertyPath: m_LocalScale.y
      value: 1.0295753
      objectReference: {fileID: 0}
    - target: {fileID: 4099174021481020, guid: d1fa72b6cbaee5c4db926fdaa3cfedf4, type: 3}
      propertyPath: m_LocalPosition.x
      value: 0.316908
      objectReference: {fileID: 0}
    - target: {fileID: 4099174021481020, guid: d1fa72b6cbaee5c4db926fdaa3cfedf4, type: 3}
      propertyPath: m_LocalPosition.y
      value: -0.206
      objectReference: {fileID: 0}
    - target: {fileID: 4099174021481020, guid: d1fa72b6cbaee5c4db926fdaa3cfedf4, type: 3}
      propertyPath: m_LocalPosition.z
      value: 0
      objectReference: {fileID: 0}
    - target: {fileID: 4099174021481020, guid: d1fa72b6cbaee5c4db926fdaa3cfedf4, type: 3}
      propertyPath: m_LocalRotation.w
      value: 0.7071075
      objectReference: {fileID: 0}
    - target: {fileID: 4099174021481020, guid: d1fa72b6cbaee5c4db926fdaa3cfedf4, type: 3}
      propertyPath: m_LocalRotation.x
      value: 0
      objectReference: {fileID: 0}
    - target: {fileID: 4099174021481020, guid: d1fa72b6cbaee5c4db926fdaa3cfedf4, type: 3}
      propertyPath: m_LocalRotation.y
      value: 0
      objectReference: {fileID: 0}
    - target: {fileID: 4099174021481020, guid: d1fa72b6cbaee5c4db926fdaa3cfedf4, type: 3}
      propertyPath: m_LocalRotation.z
      value: -0.7071061
      objectReference: {fileID: 0}
    m_RemovedComponents: []
  m_SourcePrefab: {fileID: 100100000, guid: d1fa72b6cbaee5c4db926fdaa3cfedf4, type: 3}
--- !u!4 &7568517192553236865 stripped
Transform:
  m_CorrespondingSourceObject: {fileID: 4099174021481020, guid: d1fa72b6cbaee5c4db926fdaa3cfedf4, type: 3}
  m_PrefabInstance: {fileID: 7567831211909761981}
  m_PrefabAsset: {fileID: 0}
--- !u!1001 &7567831212054264809
PrefabInstance:
  m_ObjectHideFlags: 0
  serializedVersion: 2
  m_Modification:
    m_TransformParent: {fileID: 7568491766927536019}
    m_Modifications:
    - target: {fileID: 1852877800123588, guid: df9a9ff89be102f46861b6d72ac62ed2, type: 3}
      propertyPath: m_Name
      value: SM_Hud_Text_02 (1)
      objectReference: {fileID: 0}
    - target: {fileID: 4798481870845170, guid: df9a9ff89be102f46861b6d72ac62ed2, type: 3}
      propertyPath: m_RootOrder
      value: 4
      objectReference: {fileID: 0}
    - target: {fileID: 4798481870845170, guid: df9a9ff89be102f46861b6d72ac62ed2, type: 3}
      propertyPath: m_LocalScale.x
      value: 1.0295753
      objectReference: {fileID: 0}
    - target: {fileID: 4798481870845170, guid: df9a9ff89be102f46861b6d72ac62ed2, type: 3}
      propertyPath: m_LocalScale.y
      value: 0.928973
      objectReference: {fileID: 0}
    - target: {fileID: 4798481870845170, guid: df9a9ff89be102f46861b6d72ac62ed2, type: 3}
      propertyPath: m_LocalPosition.x
      value: 0.40690807
      objectReference: {fileID: 0}
    - target: {fileID: 4798481870845170, guid: df9a9ff89be102f46861b6d72ac62ed2, type: 3}
      propertyPath: m_LocalPosition.y
      value: 0.172
      objectReference: {fileID: 0}
    - target: {fileID: 4798481870845170, guid: df9a9ff89be102f46861b6d72ac62ed2, type: 3}
      propertyPath: m_LocalPosition.z
      value: 0
      objectReference: {fileID: 0}
    - target: {fileID: 4798481870845170, guid: df9a9ff89be102f46861b6d72ac62ed2, type: 3}
      propertyPath: m_LocalRotation.w
      value: 0
      objectReference: {fileID: 0}
    - target: {fileID: 4798481870845170, guid: df9a9ff89be102f46861b6d72ac62ed2, type: 3}
      propertyPath: m_LocalRotation.x
      value: 0
      objectReference: {fileID: 0}
    - target: {fileID: 4798481870845170, guid: df9a9ff89be102f46861b6d72ac62ed2, type: 3}
      propertyPath: m_LocalRotation.y
      value: 0
      objectReference: {fileID: 0}
    - target: {fileID: 4798481870845170, guid: df9a9ff89be102f46861b6d72ac62ed2, type: 3}
      propertyPath: m_LocalRotation.z
      value: -1
      objectReference: {fileID: 0}
    m_RemovedComponents: []
  m_SourcePrefab: {fileID: 100100000, guid: df9a9ff89be102f46861b6d72ac62ed2, type: 3}
--- !u!4 &7572620622615072539 stripped
Transform:
  m_CorrespondingSourceObject: {fileID: 4798481870845170, guid: df9a9ff89be102f46861b6d72ac62ed2, type: 3}
  m_PrefabInstance: {fileID: 7567831212054264809}
  m_PrefabAsset: {fileID: 0}
--- !u!1001 &7567831212212946621
PrefabInstance:
  m_ObjectHideFlags: 0
  serializedVersion: 2
  m_Modification:
    m_TransformParent: {fileID: 7568491766927536019}
    m_Modifications:
    - target: {fileID: 1655952056248522, guid: f27d62e9b72774f4c83740b45d58b052, type: 3}
      propertyPath: m_Name
      value: SM_Hud_Box_03 (1)
      objectReference: {fileID: 0}
    - target: {fileID: 4516757699321210, guid: f27d62e9b72774f4c83740b45d58b052, type: 3}
      propertyPath: m_RootOrder
      value: 10
      objectReference: {fileID: 0}
    - target: {fileID: 4516757699321210, guid: f27d62e9b72774f4c83740b45d58b052, type: 3}
      propertyPath: m_LocalScale.x
      value: 0.7226064
      objectReference: {fileID: 0}
    - target: {fileID: 4516757699321210, guid: f27d62e9b72774f4c83740b45d58b052, type: 3}
      propertyPath: m_LocalScale.y
      value: 0.6519988
      objectReference: {fileID: 0}
    - target: {fileID: 4516757699321210, guid: f27d62e9b72774f4c83740b45d58b052, type: 3}
      propertyPath: m_LocalScale.z
      value: 0.7018491
      objectReference: {fileID: 0}
    - target: {fileID: 4516757699321210, guid: f27d62e9b72774f4c83740b45d58b052, type: 3}
      propertyPath: m_LocalPosition.x
      value: 0.407
      objectReference: {fileID: 0}
    - target: {fileID: 4516757699321210, guid: f27d62e9b72774f4c83740b45d58b052, type: 3}
      propertyPath: m_LocalPosition.y
      value: 0.163
      objectReference: {fileID: 0}
    - target: {fileID: 4516757699321210, guid: f27d62e9b72774f4c83740b45d58b052, type: 3}
      propertyPath: m_LocalPosition.z
      value: 0
      objectReference: {fileID: 0}
    - target: {fileID: 4516757699321210, guid: f27d62e9b72774f4c83740b45d58b052, type: 3}
      propertyPath: m_LocalRotation.w
      value: 1
      objectReference: {fileID: 0}
    - target: {fileID: 4516757699321210, guid: f27d62e9b72774f4c83740b45d58b052, type: 3}
      propertyPath: m_LocalRotation.x
      value: 0
      objectReference: {fileID: 0}
    - target: {fileID: 4516757699321210, guid: f27d62e9b72774f4c83740b45d58b052, type: 3}
      propertyPath: m_LocalRotation.y
      value: 0
      objectReference: {fileID: 0}
    - target: {fileID: 4516757699321210, guid: f27d62e9b72774f4c83740b45d58b052, type: 3}
      propertyPath: m_LocalRotation.z
      value: 0
      objectReference: {fileID: 0}
    m_RemovedComponents: []
  m_SourcePrefab: {fileID: 100100000, guid: f27d62e9b72774f4c83740b45d58b052, type: 3}
--- !u!4 &7572342712333327303 stripped
Transform:
  m_CorrespondingSourceObject: {fileID: 4516757699321210, guid: f27d62e9b72774f4c83740b45d58b052, type: 3}
  m_PrefabInstance: {fileID: 7567831212212946621}
  m_PrefabAsset: {fileID: 0}
--- !u!1001 &7567831212547162694
PrefabInstance:
  m_ObjectHideFlags: 0
  serializedVersion: 2
  m_Modification:
    m_TransformParent: {fileID: 7568491766927536019}
    m_Modifications:
    - target: {fileID: 1824812887604472, guid: 9ad20ca03227a374fa44c9ae60608b6c, type: 3}
      propertyPath: m_Name
      value: SM_Hud_Barrier_01 (5)
      objectReference: {fileID: 0}
    - target: {fileID: 4292910838336368, guid: 9ad20ca03227a374fa44c9ae60608b6c, type: 3}
      propertyPath: m_RootOrder
      value: 6
      objectReference: {fileID: 0}
    - target: {fileID: 4292910838336368, guid: 9ad20ca03227a374fa44c9ae60608b6c, type: 3}
      propertyPath: m_LocalScale.x
      value: 0.94824916
      objectReference: {fileID: 0}
    - target: {fileID: 4292910838336368, guid: 9ad20ca03227a374fa44c9ae60608b6c, type: 3}
      propertyPath: m_LocalScale.y
      value: 0.93691355
      objectReference: {fileID: 0}
    - target: {fileID: 4292910838336368, guid: 9ad20ca03227a374fa44c9ae60608b6c, type: 3}
      propertyPath: m_LocalScale.z
      value: 0.90999997
      objectReference: {fileID: 0}
    - target: {fileID: 4292910838336368, guid: 9ad20ca03227a374fa44c9ae60608b6c, type: 3}
      propertyPath: m_LocalPosition.x
      value: 0.56
      objectReference: {fileID: 0}
    - target: {fileID: 4292910838336368, guid: 9ad20ca03227a374fa44c9ae60608b6c, type: 3}
      propertyPath: m_LocalPosition.y
      value: 0
      objectReference: {fileID: 0}
    - target: {fileID: 4292910838336368, guid: 9ad20ca03227a374fa44c9ae60608b6c, type: 3}
      propertyPath: m_LocalPosition.z
      value: 0
      objectReference: {fileID: 0}
    - target: {fileID: 4292910838336368, guid: 9ad20ca03227a374fa44c9ae60608b6c, type: 3}
      propertyPath: m_LocalRotation.w
      value: -0.70710355
      objectReference: {fileID: 0}
    - target: {fileID: 4292910838336368, guid: 9ad20ca03227a374fa44c9ae60608b6c, type: 3}
      propertyPath: m_LocalRotation.x
      value: 0
      objectReference: {fileID: 0}
    - target: {fileID: 4292910838336368, guid: 9ad20ca03227a374fa44c9ae60608b6c, type: 3}
      propertyPath: m_LocalRotation.y
      value: 0
      objectReference: {fileID: 0}
    - target: {fileID: 4292910838336368, guid: 9ad20ca03227a374fa44c9ae60608b6c, type: 3}
      propertyPath: m_LocalRotation.z
      value: 0.70711005
      objectReference: {fileID: 0}
    m_RemovedComponents: []
  m_SourcePrefab: {fileID: 100100000, guid: 9ad20ca03227a374fa44c9ae60608b6c, type: 3}
--- !u!4 &7568604861490432310 stripped
Transform:
  m_CorrespondingSourceObject: {fileID: 4292910838336368, guid: 9ad20ca03227a374fa44c9ae60608b6c, type: 3}
  m_PrefabInstance: {fileID: 7567831212547162694}
  m_PrefabAsset: {fileID: 0}
--- !u!1001 &7567831212986965577
PrefabInstance:
  m_ObjectHideFlags: 0
  serializedVersion: 2
  m_Modification:
    m_TransformParent: {fileID: 7568491766927536019}
    m_Modifications:
    - target: {fileID: 4563309639234490, guid: 6ab3df218ef63eb4ca0d468cd332dbef, type: 3}
      propertyPath: m_RootOrder
      value: 11
      objectReference: {fileID: 0}
    - target: {fileID: 4563309639234490, guid: 6ab3df218ef63eb4ca0d468cd332dbef, type: 3}
      propertyPath: m_LocalScale.x
      value: 1.2354548
      objectReference: {fileID: 0}
    - target: {fileID: 4563309639234490, guid: 6ab3df218ef63eb4ca0d468cd332dbef, type: 3}
      propertyPath: m_LocalScale.y
      value: 1.3224864
      objectReference: {fileID: 0}
    - target: {fileID: 4563309639234490, guid: 6ab3df218ef63eb4ca0d468cd332dbef, type: 3}
      propertyPath: m_LocalScale.z
      value: 1.4236004
      objectReference: {fileID: 0}
    - target: {fileID: 4563309639234490, guid: 6ab3df218ef63eb4ca0d468cd332dbef, type: 3}
      propertyPath: m_LocalPosition.x
      value: -0.42212623
      objectReference: {fileID: 0}
    - target: {fileID: 4563309639234490, guid: 6ab3df218ef63eb4ca0d468cd332dbef, type: 3}
      propertyPath: m_LocalPosition.y
      value: -0.09568422
      objectReference: {fileID: 0}
    - target: {fileID: 4563309639234490, guid: 6ab3df218ef63eb4ca0d468cd332dbef, type: 3}
      propertyPath: m_LocalPosition.z
      value: 0
      objectReference: {fileID: 0}
    - target: {fileID: 4563309639234490, guid: 6ab3df218ef63eb4ca0d468cd332dbef, type: 3}
      propertyPath: m_LocalRotation.w
      value: 0
      objectReference: {fileID: 0}
    - target: {fileID: 4563309639234490, guid: 6ab3df218ef63eb4ca0d468cd332dbef, type: 3}
      propertyPath: m_LocalRotation.x
      value: 0
      objectReference: {fileID: 0}
    - target: {fileID: 4563309639234490, guid: 6ab3df218ef63eb4ca0d468cd332dbef, type: 3}
      propertyPath: m_LocalRotation.y
      value: 0
      objectReference: {fileID: 0}
    - target: {fileID: 4563309639234490, guid: 6ab3df218ef63eb4ca0d468cd332dbef, type: 3}
      propertyPath: m_LocalRotation.z
      value: -1
      objectReference: {fileID: 0}
    m_RemovedComponents: []
  m_SourcePrefab: {fileID: 100100000, guid: 6ab3df218ef63eb4ca0d468cd332dbef, type: 3}
--- !u!4 &7572345557783965171 stripped
Transform:
  m_CorrespondingSourceObject: {fileID: 4563309639234490, guid: 6ab3df218ef63eb4ca0d468cd332dbef, type: 3}
  m_PrefabInstance: {fileID: 7567831212986965577}
  m_PrefabAsset: {fileID: 0}
--- !u!1001 &7567831213006778111
PrefabInstance:
  m_ObjectHideFlags: 0
  serializedVersion: 2
  m_Modification:
    m_TransformParent: {fileID: 7568491766927536019}
    m_Modifications:
    - target: {fileID: 1824812887604472, guid: 9ad20ca03227a374fa44c9ae60608b6c, type: 3}
      propertyPath: m_Name
      value: SM_Hud_Barrier_01 (4)
      objectReference: {fileID: 0}
    - target: {fileID: 4292910838336368, guid: 9ad20ca03227a374fa44c9ae60608b6c, type: 3}
      propertyPath: m_RootOrder
      value: 5
      objectReference: {fileID: 0}
    - target: {fileID: 4292910838336368, guid: 9ad20ca03227a374fa44c9ae60608b6c, type: 3}
      propertyPath: m_LocalScale.x
      value: 0.94824916
      objectReference: {fileID: 0}
    - target: {fileID: 4292910838336368, guid: 9ad20ca03227a374fa44c9ae60608b6c, type: 3}
      propertyPath: m_LocalScale.y
      value: 0.9369136
      objectReference: {fileID: 0}
    - target: {fileID: 4292910838336368, guid: 9ad20ca03227a374fa44c9ae60608b6c, type: 3}
      propertyPath: m_LocalScale.z
      value: 0.90999997
      objectReference: {fileID: 0}
    - target: {fileID: 4292910838336368, guid: 9ad20ca03227a374fa44c9ae60608b6c, type: 3}
      propertyPath: m_LocalPosition.x
      value: -0.569092
      objectReference: {fileID: 0}
    - target: {fileID: 4292910838336368, guid: 9ad20ca03227a374fa44c9ae60608b6c, type: 3}
      propertyPath: m_LocalPosition.y
      value: 0
      objectReference: {fileID: 0}
    - target: {fileID: 4292910838336368, guid: 9ad20ca03227a374fa44c9ae60608b6c, type: 3}
      propertyPath: m_LocalPosition.z
      value: 0
      objectReference: {fileID: 0}
    - target: {fileID: 4292910838336368, guid: 9ad20ca03227a374fa44c9ae60608b6c, type: 3}
      propertyPath: m_LocalRotation.w
      value: 0.70710784
      objectReference: {fileID: 0}
    - target: {fileID: 4292910838336368, guid: 9ad20ca03227a374fa44c9ae60608b6c, type: 3}
      propertyPath: m_LocalRotation.x
      value: 0
      objectReference: {fileID: 0}
    - target: {fileID: 4292910838336368, guid: 9ad20ca03227a374fa44c9ae60608b6c, type: 3}
      propertyPath: m_LocalRotation.y
      value: 0
      objectReference: {fileID: 0}
    - target: {fileID: 4292910838336368, guid: 9ad20ca03227a374fa44c9ae60608b6c, type: 3}
      propertyPath: m_LocalRotation.z
      value: 0.7071057
      objectReference: {fileID: 0}
    m_RemovedComponents: []
  m_SourcePrefab: {fileID: 100100000, guid: 9ad20ca03227a374fa44c9ae60608b6c, type: 3}
--- !u!4 &7568604860895176079 stripped
Transform:
  m_CorrespondingSourceObject: {fileID: 4292910838336368, guid: 9ad20ca03227a374fa44c9ae60608b6c, type: 3}
  m_PrefabInstance: {fileID: 7567831213006778111}
  m_PrefabAsset: {fileID: 0}
--- !u!1001 &7567831213103857051
PrefabInstance:
  m_ObjectHideFlags: 0
  serializedVersion: 2
  m_Modification:
    m_TransformParent: {fileID: 7568491766927536019}
    m_Modifications:
    - target: {fileID: 4798481870845170, guid: df9a9ff89be102f46861b6d72ac62ed2, type: 3}
      propertyPath: m_RootOrder
      value: 9
      objectReference: {fileID: 0}
    - target: {fileID: 4798481870845170, guid: df9a9ff89be102f46861b6d72ac62ed2, type: 3}
      propertyPath: m_LocalScale.x
      value: 1.7020068
      objectReference: {fileID: 0}
    - target: {fileID: 4798481870845170, guid: df9a9ff89be102f46861b6d72ac62ed2, type: 3}
      propertyPath: m_LocalScale.y
      value: 1.2607076
      objectReference: {fileID: 0}
    - target: {fileID: 4798481870845170, guid: df9a9ff89be102f46861b6d72ac62ed2, type: 3}
      propertyPath: m_LocalPosition.x
      value: -0.38609076
      objectReference: {fileID: 0}
    - target: {fileID: 4798481870845170, guid: df9a9ff89be102f46861b6d72ac62ed2, type: 3}
      propertyPath: m_LocalPosition.y
      value: 0.19229741
      objectReference: {fileID: 0}
    - target: {fileID: 4798481870845170, guid: df9a9ff89be102f46861b6d72ac62ed2, type: 3}
      propertyPath: m_LocalPosition.z
      value: 0
      objectReference: {fileID: 0}
    - target: {fileID: 4798481870845170, guid: df9a9ff89be102f46861b6d72ac62ed2, type: 3}
      propertyPath: m_LocalRotation.w
      value: 0
      objectReference: {fileID: 0}
    - target: {fileID: 4798481870845170, guid: df9a9ff89be102f46861b6d72ac62ed2, type: 3}
      propertyPath: m_LocalRotation.x
      value: 0
      objectReference: {fileID: 0}
    - target: {fileID: 4798481870845170, guid: df9a9ff89be102f46861b6d72ac62ed2, type: 3}
      propertyPath: m_LocalRotation.y
      value: 0
      objectReference: {fileID: 0}
    - target: {fileID: 4798481870845170, guid: df9a9ff89be102f46861b6d72ac62ed2, type: 3}
      propertyPath: m_LocalRotation.z
      value: -1
      objectReference: {fileID: 0}
    m_RemovedComponents: []
  m_SourcePrefab: {fileID: 100100000, guid: df9a9ff89be102f46861b6d72ac62ed2, type: 3}
--- !u!4 &7572620623700314473 stripped
Transform:
  m_CorrespondingSourceObject: {fileID: 4798481870845170, guid: df9a9ff89be102f46861b6d72ac62ed2, type: 3}
  m_PrefabInstance: {fileID: 7567831213103857051}
  m_PrefabAsset: {fileID: 0}
--- !u!1001 &7567831213164712276
PrefabInstance:
  m_ObjectHideFlags: 0
  serializedVersion: 2
  m_Modification:
    m_TransformParent: {fileID: 7568491766927536019}
    m_Modifications:
    - target: {fileID: 1898228538971292, guid: 1852ce2a8e3023f43bd46803526138f4, type: 3}
      propertyPath: m_Name
      value: SM_Hud_Text_04 (2)
      objectReference: {fileID: 0}
    - target: {fileID: 4147788145604248, guid: 1852ce2a8e3023f43bd46803526138f4, type: 3}
      propertyPath: m_RootOrder
      value: 1
      objectReference: {fileID: 0}
    - target: {fileID: 4147788145604248, guid: 1852ce2a8e3023f43bd46803526138f4, type: 3}
      propertyPath: m_LocalScale.x
      value: 1.0295753
      objectReference: {fileID: 0}
    - target: {fileID: 4147788145604248, guid: 1852ce2a8e3023f43bd46803526138f4, type: 3}
      propertyPath: m_LocalScale.y
      value: 0.928973
      objectReference: {fileID: 0}
    - target: {fileID: 4147788145604248, guid: 1852ce2a8e3023f43bd46803526138f4, type: 3}
      propertyPath: m_LocalPosition.x
      value: 0.43990806
      objectReference: {fileID: 0}
    - target: {fileID: 4147788145604248, guid: 1852ce2a8e3023f43bd46803526138f4, type: 3}
      propertyPath: m_LocalPosition.y
      value: -0.12
      objectReference: {fileID: 0}
    - target: {fileID: 4147788145604248, guid: 1852ce2a8e3023f43bd46803526138f4, type: 3}
      propertyPath: m_LocalPosition.z
      value: 0
      objectReference: {fileID: 0}
    - target: {fileID: 4147788145604248, guid: 1852ce2a8e3023f43bd46803526138f4, type: 3}
      propertyPath: m_LocalRotation.w
      value: 1
      objectReference: {fileID: 0}
    - target: {fileID: 4147788145604248, guid: 1852ce2a8e3023f43bd46803526138f4, type: 3}
      propertyPath: m_LocalRotation.x
      value: 0
      objectReference: {fileID: 0}
    - target: {fileID: 4147788145604248, guid: 1852ce2a8e3023f43bd46803526138f4, type: 3}
      propertyPath: m_LocalRotation.y
      value: 0
      objectReference: {fileID: 0}
    - target: {fileID: 4147788145604248, guid: 1852ce2a8e3023f43bd46803526138f4, type: 3}
      propertyPath: m_LocalRotation.z
      value: 0
      objectReference: {fileID: 0}
    m_RemovedComponents: []
  m_SourcePrefab: {fileID: 100100000, guid: 1852ce2a8e3023f43bd46803526138f4, type: 3}
--- !u!4 &7568556460654618572 stripped
Transform:
  m_CorrespondingSourceObject: {fileID: 4147788145604248, guid: 1852ce2a8e3023f43bd46803526138f4, type: 3}
  m_PrefabInstance: {fileID: 7567831213164712276}
  m_PrefabAsset: {fileID: 0}
--- !u!1001 &7567831213210993628
PrefabInstance:
  m_ObjectHideFlags: 0
  serializedVersion: 2
  m_Modification:
    m_TransformParent: {fileID: 7568491766927536019}
    m_Modifications:
    - target: {fileID: 4051100774748624, guid: f171da8659e7ec14e9a4df6cdde2c7f2, type: 3}
      propertyPath: m_RootOrder
      value: 7
      objectReference: {fileID: 0}
    - target: {fileID: 4051100774748624, guid: f171da8659e7ec14e9a4df6cdde2c7f2, type: 3}
      propertyPath: m_LocalScale.x
      value: 1.1531934
      objectReference: {fileID: 0}
    - target: {fileID: 4051100774748624, guid: f171da8659e7ec14e9a4df6cdde2c7f2, type: 3}
      propertyPath: m_LocalScale.y
      value: 1.2358825
      objectReference: {fileID: 0}
    - target: {fileID: 4051100774748624, guid: f171da8659e7ec14e9a4df6cdde2c7f2, type: 3}
      propertyPath: m_LocalScale.z
      value: 1.2698141
      objectReference: {fileID: 0}
    - target: {fileID: 4051100774748624, guid: f171da8659e7ec14e9a4df6cdde2c7f2, type: 3}
      propertyPath: m_LocalPosition.x
      value: -0.0020594923
      objectReference: {fileID: 0}
    - target: {fileID: 4051100774748624, guid: f171da8659e7ec14e9a4df6cdde2c7f2, type: 3}
      propertyPath: m_LocalPosition.y
      value: -0.0074317846
      objectReference: {fileID: 0}
    - target: {fileID: 4051100774748624, guid: f171da8659e7ec14e9a4df6cdde2c7f2, type: 3}
      propertyPath: m_LocalPosition.z
      value: 0
      objectReference: {fileID: 0}
    - target: {fileID: 4051100774748624, guid: f171da8659e7ec14e9a4df6cdde2c7f2, type: 3}
      propertyPath: m_LocalRotation.w
      value: 1
      objectReference: {fileID: 0}
    - target: {fileID: 4051100774748624, guid: f171da8659e7ec14e9a4df6cdde2c7f2, type: 3}
      propertyPath: m_LocalRotation.x
      value: 0
      objectReference: {fileID: 0}
    - target: {fileID: 4051100774748624, guid: f171da8659e7ec14e9a4df6cdde2c7f2, type: 3}
      propertyPath: m_LocalRotation.y
      value: 0
      objectReference: {fileID: 0}
    - target: {fileID: 4051100774748624, guid: f171da8659e7ec14e9a4df6cdde2c7f2, type: 3}
      propertyPath: m_LocalRotation.z
      value: 0
      objectReference: {fileID: 0}
    m_RemovedComponents: []
  m_SourcePrefab: {fileID: 100100000, guid: f171da8659e7ec14e9a4df6cdde2c7f2, type: 3}
--- !u!4 &7568354218251047436 stripped
Transform:
  m_CorrespondingSourceObject: {fileID: 4051100774748624, guid: f171da8659e7ec14e9a4df6cdde2c7f2, type: 3}
  m_PrefabInstance: {fileID: 7567831213210993628}
  m_PrefabAsset: {fileID: 0}
