%YAML 1.1
%TAG !u! tag:unity3d.com,2011:
--- !u!1 &1915621225404808
GameObject:
  m_ObjectHideFlags: 0
  m_CorrespondingSourceObject: {fileID: 0}
  m_PrefabInstance: {fileID: 0}
  m_PrefabAsset: {fileID: 0}
  serializedVersion: 6
  m_Component:
  - component: {fileID: 4411535143341842}
  - component: {fileID: 33275073492425858}
  - component: {fileID: 23431020422982910}
  - component: {fileID: 64039046145249538}
  m_Layer: 0
  m_Name: SM_Env_Railing_02_Pillar
  m_TagString: Untagged
  m_Icon: {fileID: 0}
  m_NavMeshLayer: 0
  m_StaticEditorFlags: 0
  m_IsActive: 1
--- !u!4 &4411535143341842
Transform:
  m_ObjectHideFlags: 0
  m_CorrespondingSourceObject: {fileID: 0}
  m_PrefabInstance: {fileID: 0}
  m_PrefabAsset: {fileID: 0}
  m_GameObject: {fileID: 1915621225404808}
  m_LocalRotation: {x: 0, y: 0, z: 0, w: 1}
  m_LocalPosition: {x: -0, y: 0, z: 0}
  m_LocalScale: {x: 1.5, y: 1, z: 1.5}
  m_Children:
  - {fileID: 4912094519250528}
  m_Father: {fileID: 0}
  m_RootOrder: 0
  m_LocalEulerAnglesHint: {x: 0, y: 0, z: 0}
--- !u!33 &33275073492425858
MeshFilter:
  m_ObjectHideFlags: 0
  m_CorrespondingSourceObject: {fileID: 0}
  m_PrefabInstance: {fileID: 0}
  m_PrefabAsset: {fileID: 0}
  m_GameObject: {fileID: 1915621225404808}
  m_Mesh: {fileID: 4300000, guid: 98d8396ad275a684ca6b9aa755c80e17, type: 3}
--- !u!23 &23431020422982910
MeshRenderer:
  m_ObjectHideFlags: 0
  m_CorrespondingSourceObject: {fileID: 0}
  m_PrefabInstance: {fileID: 0}
  m_PrefabAsset: {fileID: 0}
  m_GameObject: {fileID: 1915621225404808}
  m_Enabled: 1
  m_CastShadows: 1
  m_ReceiveShadows: 1
  m_DynamicOccludee: 1
  m_MotionVectors: 1
  m_LightProbeUsage: 1
  m_ReflectionProbeUsage: 1
  m_RayTracingMode: 2
  m_RayTraceProcedural: 0
  m_RenderingLayerMask: 1
  m_RendererPriority: 0
  m_Materials:
  - {fileID: 2100000, guid: 06d40dc2e1401784eb420a0d2d5d7235, type: 2}
  m_StaticBatchInfo:
    firstSubMesh: 0
    subMeshCount: 0
  m_StaticBatchRoot: {fileID: 0}
  m_ProbeAnchor: {fileID: 0}
  m_LightProbeVolumeOverride: {fileID: 0}
  m_ScaleInLightmap: 1
  m_ReceiveGI: 1
  m_PreserveUVs: 0
  m_IgnoreNormalsForChartDetection: 0
  m_ImportantGI: 0
  m_StitchLightmapSeams: 1
  m_SelectedEditorRenderState: 3
  m_MinimumChartSize: 4
  m_AutoUVMaxDistance: 0.5
  m_AutoUVMaxAngle: 89
  m_LightmapParameters: {fileID: 0}
  m_SortingLayerID: 0
  m_SortingLayer: 0
  m_SortingOrder: 0
  m_AdditionalVertexStreams: {fileID: 0}
--- !u!64 &64039046145249538
MeshCollider:
  m_ObjectHideFlags: 0
  m_CorrespondingSourceObject: {fileID: 0}
  m_PrefabInstance: {fileID: 0}
  m_PrefabAsset: {fileID: 0}
  m_GameObject: {fileID: 1915621225404808}
  m_Material: {fileID: 0}
  m_IsTrigger: 0
  m_Enabled: 1
  serializedVersion: 4
  m_Convex: 1
  m_CookingOptions: 30
  m_Mesh: {fileID: 0}
--- !u!1001 &1355399264
PrefabInstance:
  m_ObjectHideFlags: 0
  serializedVersion: 2
  m_Modification:
    m_TransformParent: {fileID: 4411535143341842}
    m_Modifications:
    - target: {fileID: 1184270155645972, guid: e0fedf4e86585184ab349b990d268f7a, type: 3}
      propertyPath: m_Name
      value: SM_Env_Greeble_Cube_02
      objectReference: {fileID: 0}
    - target: {fileID: 4912095848402432, guid: e0fedf4e86585184ab349b990d268f7a, type: 3}
      propertyPath: m_RootOrder
      value: 0
      objectReference: {fileID: 0}
    - target: {fileID: 4912095848402432, guid: e0fedf4e86585184ab349b990d268f7a, type: 3}
      propertyPath: m_LocalScale.x
      value: 0.033333335
      objectReference: {fileID: 0}
    - target: {fileID: 4912095848402432, guid: e0fedf4e86585184ab349b990d268f7a, type: 3}
      propertyPath: m_LocalScale.y
      value: 0.5
      objectReference: {fileID: 0}
    - target: {fileID: 4912095848402432, guid: e0fedf4e86585184ab349b990d268f7a, type: 3}
      propertyPath: m_LocalScale.z
      value: 0.033333335
      objectReference: {fileID: 0}
    - target: {fileID: 4912095848402432, guid: e0fedf4e86585184ab349b990d268f7a, type: 3}
      propertyPath: m_LocalPosition.x
      value: -0.003334999
      objectReference: {fileID: 0}
    - target: {fileID: 4912095848402432, guid: e0fedf4e86585184ab349b990d268f7a, type: 3}
      propertyPath: m_LocalPosition.y
      value: 2.38
      objectReference: {fileID: 0}
    - target: {fileID: 4912095848402432, guid: e0fedf4e86585184ab349b990d268f7a, type: 3}
      propertyPath: m_LocalPosition.z
      value: -0.0053334236
      objectReference: {fileID: 0}
    - target: {fileID: 4912095848402432, guid: e0fedf4e86585184ab349b990d268f7a, type: 3}
      propertyPath: m_LocalRotation.w
      value: 0
      objectReference: {fileID: 0}
    - target: {fileID: 4912095848402432, guid: e0fedf4e86585184ab349b990d268f7a, type: 3}
      propertyPath: m_LocalRotation.x
      value: -1
      objectReference: {fileID: 0}
    - target: {fileID: 4912095848402432, guid: e0fedf4e86585184ab349b990d268f7a, type: 3}
      propertyPath: m_LocalRotation.y
      value: -0
      objectReference: {fileID: 0}
    - target: {fileID: 4912095848402432, guid: e0fedf4e86585184ab349b990d268f7a, type: 3}
      propertyPath: m_LocalRotation.z
      value: -0
      objectReference: {fileID: 0}
    - target: {fileID: 4912095848402432, guid: e0fedf4e86585184ab349b990d268f7a, type: 3}
      propertyPath: m_LocalEulerAnglesHint.x
      value: 0
      objectReference: {fileID: 0}
    - target: {fileID: 4912095848402432, guid: e0fedf4e86585184ab349b990d268f7a, type: 3}
      propertyPath: m_LocalEulerAnglesHint.y
      value: 0
      objectReference: {fileID: 0}
    - target: {fileID: 4912095848402432, guid: e0fedf4e86585184ab349b990d268f7a, type: 3}
      propertyPath: m_LocalEulerAnglesHint.z
      value: 0
      objectReference: {fileID: 0}
    m_RemovedComponents: []
  m_SourcePrefab: {fileID: 100100000, guid: e0fedf4e86585184ab349b990d268f7a, type: 3}
--- !u!4 &4912094519250528 stripped
Transform:
  m_CorrespondingSourceObject: {fileID: 4912095848402432, guid: e0fedf4e86585184ab349b990d268f7a, type: 3}
  m_PrefabInstance: {fileID: 1355399264}
  m_PrefabAsset: {fileID: 0}
