%YAML 1.1
%TAG !u! tag:unity3d.com,2011:
--- !u!1 &3354361975756139243
GameObject:
  m_ObjectHideFlags: 0
  m_CorrespondingSourceObject: {fileID: 0}
  m_PrefabInstance: {fileID: 0}
  m_PrefabAsset: {fileID: 0}
  serializedVersion: 6
  m_Component:
  - component: {fileID: 3354361975756139236}
  m_Layer: 0
  m_Name: Corners
  m_TagString: Untagged
  m_Icon: {fileID: 0}
  m_NavMeshLayer: 0
  m_StaticEditorFlags: 0
  m_IsActive: 1
--- !u!4 &3354361975756139236
Transform:
  m_ObjectHideFlags: 0
  m_CorrespondingSourceObject: {fileID: 0}
  m_PrefabInstance: {fileID: 0}
  m_PrefabAsset: {fileID: 0}
  m_GameObject: {fileID: 3354361975756139243}
  m_LocalRotation: {x: -0, y: -0, z: -0, w: 1}
  m_LocalPosition: {x: 0, y: 0, z: 0}
  m_LocalScale: {x: 1, y: 1, z: 1}
  m_Children: []
  m_Father: {fileID: 3354361975949488080}
  m_RootOrder: 2
  m_LocalEulerAnglesHint: {x: 0, y: 0, z: 0}
--- !u!1 &3354361975874915726
GameObject:
  m_ObjectHideFlags: 0
  m_CorrespondingSourceObject: {fileID: 0}
  m_PrefabInstance: {fileID: 0}
  m_PrefabAsset: {fileID: 0}
  serializedVersion: 6
  m_Component:
  - component: {fileID: 3354361975874915727}
  m_Layer: 0
  m_Name: Walls
  m_TagString: Untagged
  m_Icon: {fileID: 0}
  m_NavMeshLayer: 0
  m_StaticEditorFlags: 0
  m_IsActive: 1
--- !u!4 &3354361975874915727
Transform:
  m_ObjectHideFlags: 0
  m_CorrespondingSourceObject: {fileID: 0}
  m_PrefabInstance: {fileID: 0}
  m_PrefabAsset: {fileID: 0}
  m_GameObject: {fileID: 3354361975874915726}
  m_LocalRotation: {x: -0, y: -0, z: -0, w: 1}
  m_LocalPosition: {x: 0, y: 0, z: 0}
  m_LocalScale: {x: 1, y: 1, z: 1}
  m_Children:
  - {fileID: 3359059258160682579}
  - {fileID: 3359059258969393771}
  - {fileID: 3359059257624478731}
  - {fileID: 3359059259491896356}
  - {fileID: 3359059258771677690}
  - {fileID: 3359059258345101014}
  - {fileID: 3359059257840474267}
  - {fileID: 3359059257690004712}
  - {fileID: 3359059259248965897}
  - {fileID: 3359059259047273406}
  m_Father: {fileID: 3354361975949488080}
  m_RootOrder: 1
  m_LocalEulerAnglesHint: {x: 0, y: 0, z: 0}
--- !u!1 &3354361975949488087
GameObject:
  m_ObjectHideFlags: 0
  m_CorrespondingSourceObject: {fileID: 0}
  m_PrefabInstance: {fileID: 0}
  m_PrefabAsset: {fileID: 0}
  serializedVersion: 6
  m_Component:
  - component: {fileID: 3354361975949488080}
  m_Layer: 0
  m_Name: Hallway5x3
  m_TagString: Untagged
  m_Icon: {fileID: 0}
  m_NavMeshLayer: 0
  m_StaticEditorFlags: 0
  m_IsActive: 1
--- !u!4 &3354361975949488080
Transform:
  m_ObjectHideFlags: 0
  m_CorrespondingSourceObject: {fileID: 0}
  m_PrefabInstance: {fileID: 0}
  m_PrefabAsset: {fileID: 0}
  m_GameObject: {fileID: 3354361975949488087}
  m_LocalRotation: {x: 0, y: 0, z: 0, w: 1}
  m_LocalPosition: {x: -47.51, y: 0, z: 56.3}
  m_LocalScale: {x: 1, y: 1, z: 1}
  m_Children:
  - {fileID: 3354361976301468220}
  - {fileID: 3354361975874915727}
  - {fileID: 3354361975756139236}
  m_Father: {fileID: 0}
  m_RootOrder: 0
  m_LocalEulerAnglesHint: {x: 0, y: 0, z: 0}
--- !u!1 &3354361976301468163
GameObject:
  m_ObjectHideFlags: 0
  m_CorrespondingSourceObject: {fileID: 0}
  m_PrefabInstance: {fileID: 0}
  m_PrefabAsset: {fileID: 0}
  serializedVersion: 6
  m_Component:
  - component: {fileID: 3354361976301468220}
  m_Layer: 0
  m_Name: Floors
  m_TagString: Untagged
  m_Icon: {fileID: 0}
  m_NavMeshLayer: 0
  m_StaticEditorFlags: 0
  m_IsActive: 1
--- !u!4 &3354361976301468220
Transform:
  m_ObjectHideFlags: 0
  m_CorrespondingSourceObject: {fileID: 0}
  m_PrefabInstance: {fileID: 0}
  m_PrefabAsset: {fileID: 0}
  m_GameObject: {fileID: 3354361976301468163}
  m_LocalRotation: {x: 0, y: 0, z: 0, w: 1}
  m_LocalPosition: {x: 0, y: 0, z: 0}
  m_LocalScale: {x: 1, y: 1, z: 1}
  m_Children:
  - {fileID: 3351659249269646287}
  - {fileID: 3351659249695785259}
  - {fileID: 3351659248680418961}
  - {fileID: 3351659248018462988}
  - {fileID: 3351659248404792127}
  - {fileID: 3351659248566139561}
  - {fileID: 3351659249880476917}
  - {fileID: 3351659247977126990}
  - {fileID: 3351659249915997435}
  - {fileID: 3351659250032175775}
  - {fileID: 3351659248094919964}
  - {fileID: 3351659249661761700}
  - {fileID: 3351659248835547387}
  - {fileID: 3351659248225949392}
  - {fileID: 3351659249766591133}
  m_Father: {fileID: 3354361975949488080}
  m_RootOrder: 0
  m_LocalEulerAnglesHint: {x: 0, y: 0, z: 0}
--- !u!1001 &3354361974241712143
PrefabInstance:
  m_ObjectHideFlags: 0
  serializedVersion: 2
  m_Modification:
    m_TransformParent: {fileID: 3354361976301468220}
    m_Modifications:
    - target: {fileID: 1525326058169648, guid: 14eab3179517a954c87faf31cd4331f8, type: 3}
      propertyPath: m_Name
      value: SM_Bld_Floor_07 (12)
      objectReference: {fileID: 0}
    - target: {fileID: 4057359497517872, guid: 14eab3179517a954c87faf31cd4331f8, type: 3}
      propertyPath: m_RootOrder
      value: 4
      objectReference: {fileID: 0}
    - target: {fileID: 4057359497517872, guid: 14eab3179517a954c87faf31cd4331f8, type: 3}
      propertyPath: m_LocalPosition.x
      value: 15
      objectReference: {fileID: 0}
    - target: {fileID: 4057359497517872, guid: 14eab3179517a954c87faf31cd4331f8, type: 3}
      propertyPath: m_LocalPosition.y
      value: 0
      objectReference: {fileID: 0}
    - target: {fileID: 4057359497517872, guid: 14eab3179517a954c87faf31cd4331f8, type: 3}
      propertyPath: m_LocalPosition.z
      value: 0.000005722046
      objectReference: {fileID: 0}
    - target: {fileID: 4057359497517872, guid: 14eab3179517a954c87faf31cd4331f8, type: 3}
      propertyPath: m_LocalRotation.w
      value: 1
      objectReference: {fileID: 0}
    - target: {fileID: 4057359497517872, guid: 14eab3179517a954c87faf31cd4331f8, type: 3}
      propertyPath: m_LocalRotation.x
      value: -0
      objectReference: {fileID: 0}
    - target: {fileID: 4057359497517872, guid: 14eab3179517a954c87faf31cd4331f8, type: 3}
      propertyPath: m_LocalRotation.y
      value: -0
      objectReference: {fileID: 0}
    - target: {fileID: 4057359497517872, guid: 14eab3179517a954c87faf31cd4331f8, type: 3}
      propertyPath: m_LocalRotation.z
      value: -0
      objectReference: {fileID: 0}
    - target: {fileID: 4057359497517872, guid: 14eab3179517a954c87faf31cd4331f8, type: 3}
      propertyPath: m_LocalEulerAnglesHint.x
      value: 0
      objectReference: {fileID: 0}
    - target: {fileID: 4057359497517872, guid: 14eab3179517a954c87faf31cd4331f8, type: 3}
      propertyPath: m_LocalEulerAnglesHint.y
      value: 0
      objectReference: {fileID: 0}
    - target: {fileID: 4057359497517872, guid: 14eab3179517a954c87faf31cd4331f8, type: 3}
      propertyPath: m_LocalEulerAnglesHint.z
      value: 0
      objectReference: {fileID: 0}
    m_RemovedComponents: []
  m_SourcePrefab: {fileID: 100100000, guid: 14eab3179517a954c87faf31cd4331f8, type: 3}
--- !u!4 &3351659248404792127 stripped
Transform:
  m_CorrespondingSourceObject: {fileID: 4057359497517872, guid: 14eab3179517a954c87faf31cd4331f8, type: 3}
  m_PrefabInstance: {fileID: 3354361974241712143}
  m_PrefabAsset: {fileID: 0}
--- !u!1001 &3354361974367146153
PrefabInstance:
  m_ObjectHideFlags: 0
  serializedVersion: 2
  m_Modification:
    m_TransformParent: {fileID: 3354361975874915727}
    m_Modifications:
    - target: {fileID: 1089632392375526, guid: c422904f3f961e94aac7030a6343c157, type: 3}
      propertyPath: m_Name
      value: SM_Bld_Wall_01_Alt (3)
      objectReference: {fileID: 0}
    - target: {fileID: 4733297365927674, guid: c422904f3f961e94aac7030a6343c157, type: 3}
      propertyPath: m_RootOrder
      value: 0
      objectReference: {fileID: 0}
    - target: {fileID: 4733297365927674, guid: c422904f3f961e94aac7030a6343c157, type: 3}
      propertyPath: m_LocalPosition.x
      value: 15
      objectReference: {fileID: 0}
    - target: {fileID: 4733297365927674, guid: c422904f3f961e94aac7030a6343c157, type: 3}
      propertyPath: m_LocalPosition.y
      value: 0
      objectReference: {fileID: 0}
    - target: {fileID: 4733297365927674, guid: c422904f3f961e94aac7030a6343c157, type: 3}
      propertyPath: m_LocalPosition.z
      value: 10.000006
      objectReference: {fileID: 0}
    - target: {fileID: 4733297365927674, guid: c422904f3f961e94aac7030a6343c157, type: 3}
      propertyPath: m_LocalRotation.w
      value: 0.7071068
      objectReference: {fileID: 0}
    - target: {fileID: 4733297365927674, guid: c422904f3f961e94aac7030a6343c157, type: 3}
      propertyPath: m_LocalRotation.x
      value: -0
      objectReference: {fileID: 0}
    - target: {fileID: 4733297365927674, guid: c422904f3f961e94aac7030a6343c157, type: 3}
      propertyPath: m_LocalRotation.y
      value: -0.7071068
      objectReference: {fileID: 0}
    - target: {fileID: 4733297365927674, guid: c422904f3f961e94aac7030a6343c157, type: 3}
      propertyPath: m_LocalRotation.z
      value: -0
      objectReference: {fileID: 0}
    - target: {fileID: 4733297365927674, guid: c422904f3f961e94aac7030a6343c157, type: 3}
      propertyPath: m_LocalEulerAnglesHint.x
      value: 0
      objectReference: {fileID: 0}
    - target: {fileID: 4733297365927674, guid: c422904f3f961e94aac7030a6343c157, type: 3}
      propertyPath: m_LocalEulerAnglesHint.y
      value: -90
      objectReference: {fileID: 0}
    - target: {fileID: 4733297365927674, guid: c422904f3f961e94aac7030a6343c157, type: 3}
      propertyPath: m_LocalEulerAnglesHint.z
      value: 0
      objectReference: {fileID: 0}
    m_RemovedComponents: []
  m_SourcePrefab: {fileID: 100100000, guid: c422904f3f961e94aac7030a6343c157, type: 3}
--- !u!4 &3359059258160682579 stripped
Transform:
  m_CorrespondingSourceObject: {fileID: 4733297365927674, guid: c422904f3f961e94aac7030a6343c157, type: 3}
  m_PrefabInstance: {fileID: 3354361974367146153}
  m_PrefabAsset: {fileID: 0}
--- !u!1001 &3354361974417411552
PrefabInstance:
  m_ObjectHideFlags: 0
  serializedVersion: 2
  m_Modification:
    m_TransformParent: {fileID: 3354361976301468220}
    m_Modifications:
    - target: {fileID: 1525326058169648, guid: 14eab3179517a954c87faf31cd4331f8, type: 3}
      propertyPath: m_Name
      value: SM_Bld_Floor_07 (18)
      objectReference: {fileID: 0}
    - target: {fileID: 4057359497517872, guid: 14eab3179517a954c87faf31cd4331f8, type: 3}
      propertyPath: m_RootOrder
      value: 13
      objectReference: {fileID: 0}
    - target: {fileID: 4057359497517872, guid: 14eab3179517a954c87faf31cd4331f8, type: 3}
      propertyPath: m_LocalPosition.x
      value: 5.000002
      objectReference: {fileID: 0}
    - target: {fileID: 4057359497517872, guid: 14eab3179517a954c87faf31cd4331f8, type: 3}
      propertyPath: m_LocalPosition.y
      value: 0
      objectReference: {fileID: 0}
    - target: {fileID: 4057359497517872, guid: 14eab3179517a954c87faf31cd4331f8, type: 3}
      propertyPath: m_LocalPosition.z
      value: 9.999981
      objectReference: {fileID: 0}
    - target: {fileID: 4057359497517872, guid: 14eab3179517a954c87faf31cd4331f8, type: 3}
      propertyPath: m_LocalRotation.w
      value: 1
      objectReference: {fileID: 0}
    - target: {fileID: 4057359497517872, guid: 14eab3179517a954c87faf31cd4331f8, type: 3}
      propertyPath: m_LocalRotation.x
      value: -0
      objectReference: {fileID: 0}
    - target: {fileID: 4057359497517872, guid: 14eab3179517a954c87faf31cd4331f8, type: 3}
      propertyPath: m_LocalRotation.y
      value: -0
      objectReference: {fileID: 0}
    - target: {fileID: 4057359497517872, guid: 14eab3179517a954c87faf31cd4331f8, type: 3}
      propertyPath: m_LocalRotation.z
      value: -0
      objectReference: {fileID: 0}
    - target: {fileID: 4057359497517872, guid: 14eab3179517a954c87faf31cd4331f8, type: 3}
      propertyPath: m_LocalEulerAnglesHint.x
      value: 0
      objectReference: {fileID: 0}
    - target: {fileID: 4057359497517872, guid: 14eab3179517a954c87faf31cd4331f8, type: 3}
      propertyPath: m_LocalEulerAnglesHint.y
      value: 0
      objectReference: {fileID: 0}
    - target: {fileID: 4057359497517872, guid: 14eab3179517a954c87faf31cd4331f8, type: 3}
      propertyPath: m_LocalEulerAnglesHint.z
      value: 0
      objectReference: {fileID: 0}
    m_RemovedComponents: []
  m_SourcePrefab: {fileID: 100100000, guid: 14eab3179517a954c87faf31cd4331f8, type: 3}
--- !u!4 &3351659248225949392 stripped
Transform:
  m_CorrespondingSourceObject: {fileID: 4057359497517872, guid: 14eab3179517a954c87faf31cd4331f8, type: 3}
  m_PrefabInstance: {fileID: 3354361974417411552}
  m_PrefabAsset: {fileID: 0}
--- !u!1001 &3354361974552716844
PrefabInstance:
  m_ObjectHideFlags: 0
  serializedVersion: 2
  m_Modification:
    m_TransformParent: {fileID: 3354361976301468220}
    m_Modifications:
    - target: {fileID: 1525326058169648, guid: 14eab3179517a954c87faf31cd4331f8, type: 3}
      propertyPath: m_Name
      value: SM_Bld_Floor_07 (9)
      objectReference: {fileID: 0}
    - target: {fileID: 4057359497517872, guid: 14eab3179517a954c87faf31cd4331f8, type: 3}
      propertyPath: m_RootOrder
      value: 10
      objectReference: {fileID: 0}
    - target: {fileID: 4057359497517872, guid: 14eab3179517a954c87faf31cd4331f8, type: 3}
      propertyPath: m_LocalPosition.x
      value: 5.000002
      objectReference: {fileID: 0}
    - target: {fileID: 4057359497517872, guid: 14eab3179517a954c87faf31cd4331f8, type: 3}
      propertyPath: m_LocalPosition.y
      value: 0
      objectReference: {fileID: 0}
    - target: {fileID: 4057359497517872, guid: 14eab3179517a954c87faf31cd4331f8, type: 3}
      propertyPath: m_LocalPosition.z
      value: -5.0000153
      objectReference: {fileID: 0}
    - target: {fileID: 4057359497517872, guid: 14eab3179517a954c87faf31cd4331f8, type: 3}
      propertyPath: m_LocalRotation.w
      value: 1
      objectReference: {fileID: 0}
    - target: {fileID: 4057359497517872, guid: 14eab3179517a954c87faf31cd4331f8, type: 3}
      propertyPath: m_LocalRotation.x
      value: -0
      objectReference: {fileID: 0}
    - target: {fileID: 4057359497517872, guid: 14eab3179517a954c87faf31cd4331f8, type: 3}
      propertyPath: m_LocalRotation.y
      value: -0
      objectReference: {fileID: 0}
    - target: {fileID: 4057359497517872, guid: 14eab3179517a954c87faf31cd4331f8, type: 3}
      propertyPath: m_LocalRotation.z
      value: -0
      objectReference: {fileID: 0}
    - target: {fileID: 4057359497517872, guid: 14eab3179517a954c87faf31cd4331f8, type: 3}
      propertyPath: m_LocalEulerAnglesHint.x
      value: 0
      objectReference: {fileID: 0}
    - target: {fileID: 4057359497517872, guid: 14eab3179517a954c87faf31cd4331f8, type: 3}
      propertyPath: m_LocalEulerAnglesHint.y
      value: 0
      objectReference: {fileID: 0}
    - target: {fileID: 4057359497517872, guid: 14eab3179517a954c87faf31cd4331f8, type: 3}
      propertyPath: m_LocalEulerAnglesHint.z
      value: 0
      objectReference: {fileID: 0}
    m_RemovedComponents: []
  m_SourcePrefab: {fileID: 100100000, guid: 14eab3179517a954c87faf31cd4331f8, type: 3}
--- !u!4 &3351659248094919964 stripped
Transform:
  m_CorrespondingSourceObject: {fileID: 4057359497517872, guid: 14eab3179517a954c87faf31cd4331f8, type: 3}
  m_PrefabInstance: {fileID: 3354361974552716844}
  m_PrefabAsset: {fileID: 0}
--- !u!1001 &3354361974629089852
PrefabInstance:
  m_ObjectHideFlags: 0
  serializedVersion: 2
  m_Modification:
    m_TransformParent: {fileID: 3354361976301468220}
    m_Modifications:
    - target: {fileID: 1525326058169648, guid: 14eab3179517a954c87faf31cd4331f8, type: 3}
      propertyPath: m_Name
      value: SM_Bld_Floor_07 (11)
      objectReference: {fileID: 0}
    - target: {fileID: 4057359497517872, guid: 14eab3179517a954c87faf31cd4331f8, type: 3}
      propertyPath: m_RootOrder
      value: 3
      objectReference: {fileID: 0}
    - target: {fileID: 4057359497517872, guid: 14eab3179517a954c87faf31cd4331f8, type: 3}
      propertyPath: m_LocalPosition.x
      value: 15
      objectReference: {fileID: 0}
    - target: {fileID: 4057359497517872, guid: 14eab3179517a954c87faf31cd4331f8, type: 3}
      propertyPath: m_LocalPosition.y
      value: 0
      objectReference: {fileID: 0}
    - target: {fileID: 4057359497517872, guid: 14eab3179517a954c87faf31cd4331f8, type: 3}
      propertyPath: m_LocalPosition.z
      value: 5.0000057
      objectReference: {fileID: 0}
    - target: {fileID: 4057359497517872, guid: 14eab3179517a954c87faf31cd4331f8, type: 3}
      propertyPath: m_LocalRotation.w
      value: 1
      objectReference: {fileID: 0}
    - target: {fileID: 4057359497517872, guid: 14eab3179517a954c87faf31cd4331f8, type: 3}
      propertyPath: m_LocalRotation.x
      value: -0
      objectReference: {fileID: 0}
    - target: {fileID: 4057359497517872, guid: 14eab3179517a954c87faf31cd4331f8, type: 3}
      propertyPath: m_LocalRotation.y
      value: -0
      objectReference: {fileID: 0}
    - target: {fileID: 4057359497517872, guid: 14eab3179517a954c87faf31cd4331f8, type: 3}
      propertyPath: m_LocalRotation.z
      value: -0
      objectReference: {fileID: 0}
    - target: {fileID: 4057359497517872, guid: 14eab3179517a954c87faf31cd4331f8, type: 3}
      propertyPath: m_LocalEulerAnglesHint.x
      value: 0
      objectReference: {fileID: 0}
    - target: {fileID: 4057359497517872, guid: 14eab3179517a954c87faf31cd4331f8, type: 3}
      propertyPath: m_LocalEulerAnglesHint.y
      value: 0
      objectReference: {fileID: 0}
    - target: {fileID: 4057359497517872, guid: 14eab3179517a954c87faf31cd4331f8, type: 3}
      propertyPath: m_LocalEulerAnglesHint.z
      value: 0
      objectReference: {fileID: 0}
    m_RemovedComponents: []
  m_SourcePrefab: {fileID: 100100000, guid: 14eab3179517a954c87faf31cd4331f8, type: 3}
--- !u!4 &3351659248018462988 stripped
Transform:
  m_CorrespondingSourceObject: {fileID: 4057359497517872, guid: 14eab3179517a954c87faf31cd4331f8, type: 3}
  m_PrefabInstance: {fileID: 3354361974629089852}
  m_PrefabAsset: {fileID: 0}
--- !u!1001 &3354361974669903742
PrefabInstance:
  m_ObjectHideFlags: 0
  serializedVersion: 2
  m_Modification:
    m_TransformParent: {fileID: 3354361976301468220}
    m_Modifications:
    - target: {fileID: 1525326058169648, guid: 14eab3179517a954c87faf31cd4331f8, type: 3}
      propertyPath: m_Name
      value: SM_Bld_Floor_07 (14)
      objectReference: {fileID: 0}
    - target: {fileID: 4057359497517872, guid: 14eab3179517a954c87faf31cd4331f8, type: 3}
      propertyPath: m_RootOrder
      value: 7
      objectReference: {fileID: 0}
    - target: {fileID: 4057359497517872, guid: 14eab3179517a954c87faf31cd4331f8, type: 3}
      propertyPath: m_LocalPosition.x
      value: 15
      objectReference: {fileID: 0}
    - target: {fileID: 4057359497517872, guid: 14eab3179517a954c87faf31cd4331f8, type: 3}
      propertyPath: m_LocalPosition.y
      value: 0
      objectReference: {fileID: 0}
    - target: {fileID: 4057359497517872, guid: 14eab3179517a954c87faf31cd4331f8, type: 3}
      propertyPath: m_LocalPosition.z
      value: 10.000002
      objectReference: {fileID: 0}
    - target: {fileID: 4057359497517872, guid: 14eab3179517a954c87faf31cd4331f8, type: 3}
      propertyPath: m_LocalRotation.w
      value: 1
      objectReference: {fileID: 0}
    - target: {fileID: 4057359497517872, guid: 14eab3179517a954c87faf31cd4331f8, type: 3}
      propertyPath: m_LocalRotation.x
      value: -0
      objectReference: {fileID: 0}
    - target: {fileID: 4057359497517872, guid: 14eab3179517a954c87faf31cd4331f8, type: 3}
      propertyPath: m_LocalRotation.y
      value: -0
      objectReference: {fileID: 0}
    - target: {fileID: 4057359497517872, guid: 14eab3179517a954c87faf31cd4331f8, type: 3}
      propertyPath: m_LocalRotation.z
      value: -0
      objectReference: {fileID: 0}
    - target: {fileID: 4057359497517872, guid: 14eab3179517a954c87faf31cd4331f8, type: 3}
      propertyPath: m_LocalEulerAnglesHint.x
      value: 0
      objectReference: {fileID: 0}
    - target: {fileID: 4057359497517872, guid: 14eab3179517a954c87faf31cd4331f8, type: 3}
      propertyPath: m_LocalEulerAnglesHint.y
      value: 0
      objectReference: {fileID: 0}
    - target: {fileID: 4057359497517872, guid: 14eab3179517a954c87faf31cd4331f8, type: 3}
      propertyPath: m_LocalEulerAnglesHint.z
      value: 0
      objectReference: {fileID: 0}
    m_RemovedComponents: []
  m_SourcePrefab: {fileID: 100100000, guid: 14eab3179517a954c87faf31cd4331f8, type: 3}
--- !u!4 &3351659247977126990 stripped
Transform:
  m_CorrespondingSourceObject: {fileID: 4057359497517872, guid: 14eab3179517a954c87faf31cd4331f8, type: 3}
  m_PrefabInstance: {fileID: 3354361974669903742}
  m_PrefabAsset: {fileID: 0}
--- !u!1001 &3354361974685782060
PrefabInstance:
  m_ObjectHideFlags: 0
  serializedVersion: 2
  m_Modification:
    m_TransformParent: {fileID: 3354361975874915727}
    m_Modifications:
    - target: {fileID: 1089632392375526, guid: c422904f3f961e94aac7030a6343c157, type: 3}
      propertyPath: m_Name
      value: SM_Bld_Wall_01_Alt (15)
      objectReference: {fileID: 0}
    - target: {fileID: 4733297365927674, guid: c422904f3f961e94aac7030a6343c157, type: 3}
      propertyPath: m_RootOrder
      value: 5
      objectReference: {fileID: 0}
    - target: {fileID: 4733297365927674, guid: c422904f3f961e94aac7030a6343c157, type: 3}
      propertyPath: m_LocalPosition.x
      value: 0.0000019073486
      objectReference: {fileID: 0}
    - target: {fileID: 4733297365927674, guid: c422904f3f961e94aac7030a6343c157, type: 3}
      propertyPath: m_LocalPosition.y
      value: 0
      objectReference: {fileID: 0}
    - target: {fileID: 4733297365927674, guid: c422904f3f961e94aac7030a6343c157, type: 3}
      propertyPath: m_LocalPosition.z
      value: -5.0000153
      objectReference: {fileID: 0}
    - target: {fileID: 4733297365927674, guid: c422904f3f961e94aac7030a6343c157, type: 3}
      propertyPath: m_LocalRotation.w
      value: 0.7071068
      objectReference: {fileID: 0}
    - target: {fileID: 4733297365927674, guid: c422904f3f961e94aac7030a6343c157, type: 3}
      propertyPath: m_LocalRotation.x
      value: -0
      objectReference: {fileID: 0}
    - target: {fileID: 4733297365927674, guid: c422904f3f961e94aac7030a6343c157, type: 3}
      propertyPath: m_LocalRotation.y
      value: 0.7071068
      objectReference: {fileID: 0}
    - target: {fileID: 4733297365927674, guid: c422904f3f961e94aac7030a6343c157, type: 3}
      propertyPath: m_LocalRotation.z
      value: -0
      objectReference: {fileID: 0}
    - target: {fileID: 4733297365927674, guid: c422904f3f961e94aac7030a6343c157, type: 3}
      propertyPath: m_LocalEulerAnglesHint.x
      value: 0
      objectReference: {fileID: 0}
    - target: {fileID: 4733297365927674, guid: c422904f3f961e94aac7030a6343c157, type: 3}
      propertyPath: m_LocalEulerAnglesHint.y
      value: 90
      objectReference: {fileID: 0}
    - target: {fileID: 4733297365927674, guid: c422904f3f961e94aac7030a6343c157, type: 3}
      propertyPath: m_LocalEulerAnglesHint.z
      value: 0
      objectReference: {fileID: 0}
    m_RemovedComponents: []
  m_SourcePrefab: {fileID: 100100000, guid: c422904f3f961e94aac7030a6343c157, type: 3}
--- !u!4 &3359059258345101014 stripped
Transform:
  m_CorrespondingSourceObject: {fileID: 4733297365927674, guid: c422904f3f961e94aac7030a6343c157, type: 3}
  m_PrefabInstance: {fileID: 3354361974685782060}
  m_PrefabAsset: {fileID: 0}
--- !u!1001 &3354361974833371666
PrefabInstance:
  m_ObjectHideFlags: 0
  serializedVersion: 2
  m_Modification:
    m_TransformParent: {fileID: 3354361975874915727}
    m_Modifications:
    - target: {fileID: 1089632392375526, guid: c422904f3f961e94aac7030a6343c157, type: 3}
      propertyPath: m_Name
      value: SM_Bld_Wall_01_Alt (17)
      objectReference: {fileID: 0}
    - target: {fileID: 4733297365927674, guid: c422904f3f961e94aac7030a6343c157, type: 3}
      propertyPath: m_RootOrder
      value: 7
      objectReference: {fileID: 0}
    - target: {fileID: 4733297365927674, guid: c422904f3f961e94aac7030a6343c157, type: 3}
      propertyPath: m_LocalPosition.x
      value: 0.0000019073486
      objectReference: {fileID: 0}
    - target: {fileID: 4733297365927674, guid: c422904f3f961e94aac7030a6343c157, type: 3}
      propertyPath: m_LocalPosition.y
      value: 0
      objectReference: {fileID: 0}
    - target: {fileID: 4733297365927674, guid: c422904f3f961e94aac7030a6343c157, type: 3}
      propertyPath: m_LocalPosition.z
      value: 4.9999847
      objectReference: {fileID: 0}
    - target: {fileID: 4733297365927674, guid: c422904f3f961e94aac7030a6343c157, type: 3}
      propertyPath: m_LocalRotation.w
      value: 0.7071068
      objectReference: {fileID: 0}
    - target: {fileID: 4733297365927674, guid: c422904f3f961e94aac7030a6343c157, type: 3}
      propertyPath: m_LocalRotation.x
      value: -0
      objectReference: {fileID: 0}
    - target: {fileID: 4733297365927674, guid: c422904f3f961e94aac7030a6343c157, type: 3}
      propertyPath: m_LocalRotation.y
      value: 0.7071068
      objectReference: {fileID: 0}
    - target: {fileID: 4733297365927674, guid: c422904f3f961e94aac7030a6343c157, type: 3}
      propertyPath: m_LocalRotation.z
      value: -0
      objectReference: {fileID: 0}
    - target: {fileID: 4733297365927674, guid: c422904f3f961e94aac7030a6343c157, type: 3}
      propertyPath: m_LocalEulerAnglesHint.x
      value: 0
      objectReference: {fileID: 0}
    - target: {fileID: 4733297365927674, guid: c422904f3f961e94aac7030a6343c157, type: 3}
      propertyPath: m_LocalEulerAnglesHint.y
      value: 90
      objectReference: {fileID: 0}
    - target: {fileID: 4733297365927674, guid: c422904f3f961e94aac7030a6343c157, type: 3}
      propertyPath: m_LocalEulerAnglesHint.z
      value: 0
      objectReference: {fileID: 0}
    m_RemovedComponents: []
  m_SourcePrefab: {fileID: 100100000, guid: c422904f3f961e94aac7030a6343c157, type: 3}
--- !u!4 &3359059257690004712 stripped
Transform:
  m_CorrespondingSourceObject: {fileID: 4733297365927674, guid: c422904f3f961e94aac7030a6343c157, type: 3}
  m_PrefabInstance: {fileID: 3354361974833371666}
  m_PrefabAsset: {fileID: 0}
--- !u!1001 &3354361974890531787
PrefabInstance:
  m_ObjectHideFlags: 0
  serializedVersion: 2
  m_Modification:
    m_TransformParent: {fileID: 3354361976301468220}
    m_Modifications:
    - target: {fileID: 1525326058169648, guid: 14eab3179517a954c87faf31cd4331f8, type: 3}
      propertyPath: m_Name
      value: SM_Bld_Floor_07 (17)
      objectReference: {fileID: 0}
    - target: {fileID: 4057359497517872, guid: 14eab3179517a954c87faf31cd4331f8, type: 3}
      propertyPath: m_RootOrder
      value: 12
      objectReference: {fileID: 0}
    - target: {fileID: 4057359497517872, guid: 14eab3179517a954c87faf31cd4331f8, type: 3}
      propertyPath: m_LocalPosition.x
      value: 5.000002
      objectReference: {fileID: 0}
    - target: {fileID: 4057359497517872, guid: 14eab3179517a954c87faf31cd4331f8, type: 3}
      propertyPath: m_LocalPosition.y
      value: 0
      objectReference: {fileID: 0}
    - target: {fileID: 4057359497517872, guid: 14eab3179517a954c87faf31cd4331f8, type: 3}
      propertyPath: m_LocalPosition.z
      value: 4.9999847
      objectReference: {fileID: 0}
    - target: {fileID: 4057359497517872, guid: 14eab3179517a954c87faf31cd4331f8, type: 3}
      propertyPath: m_LocalRotation.w
      value: 1
      objectReference: {fileID: 0}
    - target: {fileID: 4057359497517872, guid: 14eab3179517a954c87faf31cd4331f8, type: 3}
      propertyPath: m_LocalRotation.x
      value: -0
      objectReference: {fileID: 0}
    - target: {fileID: 4057359497517872, guid: 14eab3179517a954c87faf31cd4331f8, type: 3}
      propertyPath: m_LocalRotation.y
      value: -0
      objectReference: {fileID: 0}
    - target: {fileID: 4057359497517872, guid: 14eab3179517a954c87faf31cd4331f8, type: 3}
      propertyPath: m_LocalRotation.z
      value: -0
      objectReference: {fileID: 0}
    - target: {fileID: 4057359497517872, guid: 14eab3179517a954c87faf31cd4331f8, type: 3}
      propertyPath: m_LocalEulerAnglesHint.x
      value: 0
      objectReference: {fileID: 0}
    - target: {fileID: 4057359497517872, guid: 14eab3179517a954c87faf31cd4331f8, type: 3}
      propertyPath: m_LocalEulerAnglesHint.y
      value: 0
      objectReference: {fileID: 0}
    - target: {fileID: 4057359497517872, guid: 14eab3179517a954c87faf31cd4331f8, type: 3}
      propertyPath: m_LocalEulerAnglesHint.z
      value: 0
      objectReference: {fileID: 0}
    m_RemovedComponents: []
  m_SourcePrefab: {fileID: 100100000, guid: 14eab3179517a954c87faf31cd4331f8, type: 3}
--- !u!4 &3351659248835547387 stripped
Transform:
  m_CorrespondingSourceObject: {fileID: 4057359497517872, guid: 14eab3179517a954c87faf31cd4331f8, type: 3}
  m_PrefabInstance: {fileID: 3354361974890531787}
  m_PrefabAsset: {fileID: 0}
--- !u!1001 &3354361974903079665
PrefabInstance:
  m_ObjectHideFlags: 0
  serializedVersion: 2
  m_Modification:
    m_TransformParent: {fileID: 3354361975874915727}
    m_Modifications:
    - target: {fileID: 1089632392375526, guid: c422904f3f961e94aac7030a6343c157, type: 3}
      propertyPath: m_Name
      value: SM_Bld_Wall_01_Alt (5)
      objectReference: {fileID: 0}
    - target: {fileID: 4733297365927674, guid: c422904f3f961e94aac7030a6343c157, type: 3}
      propertyPath: m_RootOrder
      value: 2
      objectReference: {fileID: 0}
    - target: {fileID: 4733297365927674, guid: c422904f3f961e94aac7030a6343c157, type: 3}
      propertyPath: m_LocalPosition.x
      value: 15
      objectReference: {fileID: 0}
    - target: {fileID: 4733297365927674, guid: c422904f3f961e94aac7030a6343c157, type: 3}
      propertyPath: m_LocalPosition.y
      value: 0
      objectReference: {fileID: 0}
    - target: {fileID: 4733297365927674, guid: c422904f3f961e94aac7030a6343c157, type: 3}
      propertyPath: m_LocalPosition.z
      value: 0.000005722046
      objectReference: {fileID: 0}
    - target: {fileID: 4733297365927674, guid: c422904f3f961e94aac7030a6343c157, type: 3}
      propertyPath: m_LocalRotation.w
      value: 0.7071068
      objectReference: {fileID: 0}
    - target: {fileID: 4733297365927674, guid: c422904f3f961e94aac7030a6343c157, type: 3}
      propertyPath: m_LocalRotation.x
      value: -0
      objectReference: {fileID: 0}
    - target: {fileID: 4733297365927674, guid: c422904f3f961e94aac7030a6343c157, type: 3}
      propertyPath: m_LocalRotation.y
      value: -0.7071068
      objectReference: {fileID: 0}
    - target: {fileID: 4733297365927674, guid: c422904f3f961e94aac7030a6343c157, type: 3}
      propertyPath: m_LocalRotation.z
      value: -0
      objectReference: {fileID: 0}
    - target: {fileID: 4733297365927674, guid: c422904f3f961e94aac7030a6343c157, type: 3}
      propertyPath: m_LocalEulerAnglesHint.x
      value: 0
      objectReference: {fileID: 0}
    - target: {fileID: 4733297365927674, guid: c422904f3f961e94aac7030a6343c157, type: 3}
      propertyPath: m_LocalEulerAnglesHint.y
      value: -90
      objectReference: {fileID: 0}
    - target: {fileID: 4733297365927674, guid: c422904f3f961e94aac7030a6343c157, type: 3}
      propertyPath: m_LocalEulerAnglesHint.z
      value: 0
      objectReference: {fileID: 0}
    m_RemovedComponents: []
  m_SourcePrefab: {fileID: 100100000, guid: c422904f3f961e94aac7030a6343c157, type: 3}
--- !u!4 &3359059257624478731 stripped
Transform:
  m_CorrespondingSourceObject: {fileID: 4733297365927674, guid: c422904f3f961e94aac7030a6343c157, type: 3}
  m_PrefabInstance: {fileID: 3354361974903079665}
  m_PrefabAsset: {fileID: 0}
--- !u!1001 &3354361975037289889
PrefabInstance:
  m_ObjectHideFlags: 0
  serializedVersion: 2
  m_Modification:
    m_TransformParent: {fileID: 3354361976301468220}
    m_Modifications:
    - target: {fileID: 1525326058169648, guid: 14eab3179517a954c87faf31cd4331f8, type: 3}
      propertyPath: m_Name
      value: SM_Bld_Floor_07 (5)
      objectReference: {fileID: 0}
    - target: {fileID: 4057359497517872, guid: 14eab3179517a954c87faf31cd4331f8, type: 3}
      propertyPath: m_RootOrder
      value: 2
      objectReference: {fileID: 0}
    - target: {fileID: 4057359497517872, guid: 14eab3179517a954c87faf31cd4331f8, type: 3}
      propertyPath: m_LocalPosition.x
      value: 10
      objectReference: {fileID: 0}
    - target: {fileID: 4057359497517872, guid: 14eab3179517a954c87faf31cd4331f8, type: 3}
      propertyPath: m_LocalPosition.y
      value: 0
      objectReference: {fileID: 0}
    - target: {fileID: 4057359497517872, guid: 14eab3179517a954c87faf31cd4331f8, type: 3}
      propertyPath: m_LocalPosition.z
      value: 5
      objectReference: {fileID: 0}
    - target: {fileID: 4057359497517872, guid: 14eab3179517a954c87faf31cd4331f8, type: 3}
      propertyPath: m_LocalRotation.w
      value: 1
      objectReference: {fileID: 0}
    - target: {fileID: 4057359497517872, guid: 14eab3179517a954c87faf31cd4331f8, type: 3}
      propertyPath: m_LocalRotation.x
      value: -0
      objectReference: {fileID: 0}
    - target: {fileID: 4057359497517872, guid: 14eab3179517a954c87faf31cd4331f8, type: 3}
      propertyPath: m_LocalRotation.y
      value: -0
      objectReference: {fileID: 0}
    - target: {fileID: 4057359497517872, guid: 14eab3179517a954c87faf31cd4331f8, type: 3}
      propertyPath: m_LocalRotation.z
      value: -0
      objectReference: {fileID: 0}
    - target: {fileID: 4057359497517872, guid: 14eab3179517a954c87faf31cd4331f8, type: 3}
      propertyPath: m_LocalEulerAnglesHint.x
      value: 0
      objectReference: {fileID: 0}
    - target: {fileID: 4057359497517872, guid: 14eab3179517a954c87faf31cd4331f8, type: 3}
      propertyPath: m_LocalEulerAnglesHint.y
      value: 0
      objectReference: {fileID: 0}
    - target: {fileID: 4057359497517872, guid: 14eab3179517a954c87faf31cd4331f8, type: 3}
      propertyPath: m_LocalEulerAnglesHint.z
      value: 0
      objectReference: {fileID: 0}
    m_RemovedComponents: []
  m_SourcePrefab: {fileID: 100100000, guid: 14eab3179517a954c87faf31cd4331f8, type: 3}
--- !u!4 &3351659248680418961 stripped
Transform:
  m_CorrespondingSourceObject: {fileID: 4057359497517872, guid: 14eab3179517a954c87faf31cd4331f8, type: 3}
  m_PrefabInstance: {fileID: 3354361975037289889}
  m_PrefabAsset: {fileID: 0}
--- !u!1001 &3354361975159955865
PrefabInstance:
  m_ObjectHideFlags: 0
  serializedVersion: 2
  m_Modification:
    m_TransformParent: {fileID: 3354361976301468220}
    m_Modifications:
    - target: {fileID: 1525326058169648, guid: 14eab3179517a954c87faf31cd4331f8, type: 3}
      propertyPath: m_Name
      value: SM_Bld_Floor_07 (13)
      objectReference: {fileID: 0}
    - target: {fileID: 4057359497517872, guid: 14eab3179517a954c87faf31cd4331f8, type: 3}
      propertyPath: m_RootOrder
      value: 5
      objectReference: {fileID: 0}
    - target: {fileID: 4057359497517872, guid: 14eab3179517a954c87faf31cd4331f8, type: 3}
      propertyPath: m_LocalPosition.x
      value: 15
      objectReference: {fileID: 0}
    - target: {fileID: 4057359497517872, guid: 14eab3179517a954c87faf31cd4331f8, type: 3}
      propertyPath: m_LocalPosition.y
      value: 0
      objectReference: {fileID: 0}
    - target: {fileID: 4057359497517872, guid: 14eab3179517a954c87faf31cd4331f8, type: 3}
      propertyPath: m_LocalPosition.z
      value: -4.9999943
      objectReference: {fileID: 0}
    - target: {fileID: 4057359497517872, guid: 14eab3179517a954c87faf31cd4331f8, type: 3}
      propertyPath: m_LocalRotation.w
      value: 1
      objectReference: {fileID: 0}
    - target: {fileID: 4057359497517872, guid: 14eab3179517a954c87faf31cd4331f8, type: 3}
      propertyPath: m_LocalRotation.x
      value: -0
      objectReference: {fileID: 0}
    - target: {fileID: 4057359497517872, guid: 14eab3179517a954c87faf31cd4331f8, type: 3}
      propertyPath: m_LocalRotation.y
      value: -0
      objectReference: {fileID: 0}
    - target: {fileID: 4057359497517872, guid: 14eab3179517a954c87faf31cd4331f8, type: 3}
      propertyPath: m_LocalRotation.z
      value: -0
      objectReference: {fileID: 0}
    - target: {fileID: 4057359497517872, guid: 14eab3179517a954c87faf31cd4331f8, type: 3}
      propertyPath: m_LocalEulerAnglesHint.x
      value: 0
      objectReference: {fileID: 0}
    - target: {fileID: 4057359497517872, guid: 14eab3179517a954c87faf31cd4331f8, type: 3}
      propertyPath: m_LocalEulerAnglesHint.y
      value: 0
      objectReference: {fileID: 0}
    - target: {fileID: 4057359497517872, guid: 14eab3179517a954c87faf31cd4331f8, type: 3}
      propertyPath: m_LocalEulerAnglesHint.z
      value: 0
      objectReference: {fileID: 0}
    m_RemovedComponents: []
  m_SourcePrefab: {fileID: 100100000, guid: 14eab3179517a954c87faf31cd4331f8, type: 3}
--- !u!4 &3351659248566139561 stripped
Transform:
  m_CorrespondingSourceObject: {fileID: 4057359497517872, guid: 14eab3179517a954c87faf31cd4331f8, type: 3}
  m_PrefabInstance: {fileID: 3354361975159955865}
  m_PrefabAsset: {fileID: 0}
--- !u!1001 &3354361975253327457
PrefabInstance:
  m_ObjectHideFlags: 0
  serializedVersion: 2
  m_Modification:
    m_TransformParent: {fileID: 3354361975874915727}
    m_Modifications:
    - target: {fileID: 1089632392375526, guid: c422904f3f961e94aac7030a6343c157, type: 3}
      propertyPath: m_Name
      value: SM_Bld_Wall_01_Alt (16)
      objectReference: {fileID: 0}
    - target: {fileID: 4733297365927674, guid: c422904f3f961e94aac7030a6343c157, type: 3}
      propertyPath: m_RootOrder
      value: 6
      objectReference: {fileID: 0}
    - target: {fileID: 4733297365927674, guid: c422904f3f961e94aac7030a6343c157, type: 3}
      propertyPath: m_LocalPosition.x
      value: 0.0000019073486
      objectReference: {fileID: 0}
    - target: {fileID: 4733297365927674, guid: c422904f3f961e94aac7030a6343c157, type: 3}
      propertyPath: m_LocalPosition.y
      value: 0
      objectReference: {fileID: 0}
    - target: {fileID: 4733297365927674, guid: c422904f3f961e94aac7030a6343c157, type: 3}
      propertyPath: m_LocalPosition.z
      value: -0.000015258789
      objectReference: {fileID: 0}
    - target: {fileID: 4733297365927674, guid: c422904f3f961e94aac7030a6343c157, type: 3}
      propertyPath: m_LocalRotation.w
      value: 0.7071068
      objectReference: {fileID: 0}
    - target: {fileID: 4733297365927674, guid: c422904f3f961e94aac7030a6343c157, type: 3}
      propertyPath: m_LocalRotation.x
      value: -0
      objectReference: {fileID: 0}
    - target: {fileID: 4733297365927674, guid: c422904f3f961e94aac7030a6343c157, type: 3}
      propertyPath: m_LocalRotation.y
      value: 0.7071068
      objectReference: {fileID: 0}
    - target: {fileID: 4733297365927674, guid: c422904f3f961e94aac7030a6343c157, type: 3}
      propertyPath: m_LocalRotation.z
      value: -0
      objectReference: {fileID: 0}
    - target: {fileID: 4733297365927674, guid: c422904f3f961e94aac7030a6343c157, type: 3}
      propertyPath: m_LocalEulerAnglesHint.x
      value: 0
      objectReference: {fileID: 0}
    - target: {fileID: 4733297365927674, guid: c422904f3f961e94aac7030a6343c157, type: 3}
      propertyPath: m_LocalEulerAnglesHint.y
      value: 90
      objectReference: {fileID: 0}
    - target: {fileID: 4733297365927674, guid: c422904f3f961e94aac7030a6343c157, type: 3}
      propertyPath: m_LocalEulerAnglesHint.z
      value: 0
      objectReference: {fileID: 0}
    m_RemovedComponents: []
  m_SourcePrefab: {fileID: 100100000, guid: c422904f3f961e94aac7030a6343c157, type: 3}
--- !u!4 &3359059257840474267 stripped
Transform:
  m_CorrespondingSourceObject: {fileID: 4733297365927674, guid: c422904f3f961e94aac7030a6343c157, type: 3}
  m_PrefabInstance: {fileID: 3354361975253327457}
  m_PrefabAsset: {fileID: 0}
--- !u!1001 &3354361975455465459
PrefabInstance:
  m_ObjectHideFlags: 0
  serializedVersion: 2
  m_Modification:
    m_TransformParent: {fileID: 3354361975874915727}
    m_Modifications:
    - target: {fileID: 1089632392375526, guid: c422904f3f961e94aac7030a6343c157, type: 3}
      propertyPath: m_Name
      value: SM_Bld_Wall_01_Alt (18)
      objectReference: {fileID: 0}
    - target: {fileID: 4733297365927674, guid: c422904f3f961e94aac7030a6343c157, type: 3}
      propertyPath: m_RootOrder
      value: 8
      objectReference: {fileID: 0}
    - target: {fileID: 4733297365927674, guid: c422904f3f961e94aac7030a6343c157, type: 3}
      propertyPath: m_LocalPosition.x
      value: 0.0000019073486
      objectReference: {fileID: 0}
    - target: {fileID: 4733297365927674, guid: c422904f3f961e94aac7030a6343c157, type: 3}
      propertyPath: m_LocalPosition.y
      value: 0
      objectReference: {fileID: 0}
    - target: {fileID: 4733297365927674, guid: c422904f3f961e94aac7030a6343c157, type: 3}
      propertyPath: m_LocalPosition.z
      value: 9.999979
      objectReference: {fileID: 0}
    - target: {fileID: 4733297365927674, guid: c422904f3f961e94aac7030a6343c157, type: 3}
      propertyPath: m_LocalRotation.w
      value: 0.7071068
      objectReference: {fileID: 0}
    - target: {fileID: 4733297365927674, guid: c422904f3f961e94aac7030a6343c157, type: 3}
      propertyPath: m_LocalRotation.x
      value: -0
      objectReference: {fileID: 0}
    - target: {fileID: 4733297365927674, guid: c422904f3f961e94aac7030a6343c157, type: 3}
      propertyPath: m_LocalRotation.y
      value: 0.7071068
      objectReference: {fileID: 0}
    - target: {fileID: 4733297365927674, guid: c422904f3f961e94aac7030a6343c157, type: 3}
      propertyPath: m_LocalRotation.z
      value: -0
      objectReference: {fileID: 0}
    - target: {fileID: 4733297365927674, guid: c422904f3f961e94aac7030a6343c157, type: 3}
      propertyPath: m_LocalEulerAnglesHint.x
      value: 0
      objectReference: {fileID: 0}
    - target: {fileID: 4733297365927674, guid: c422904f3f961e94aac7030a6343c157, type: 3}
      propertyPath: m_LocalEulerAnglesHint.y
      value: 90
      objectReference: {fileID: 0}
    - target: {fileID: 4733297365927674, guid: c422904f3f961e94aac7030a6343c157, type: 3}
      propertyPath: m_LocalEulerAnglesHint.z
      value: 0
      objectReference: {fileID: 0}
    m_RemovedComponents: []
  m_SourcePrefab: {fileID: 100100000, guid: c422904f3f961e94aac7030a6343c157, type: 3}
--- !u!4 &3359059259248965897 stripped
Transform:
  m_CorrespondingSourceObject: {fileID: 4733297365927674, guid: c422904f3f961e94aac7030a6343c157, type: 3}
  m_PrefabInstance: {fileID: 3354361975455465459}
  m_PrefabAsset: {fileID: 0}
--- !u!1001 &3354361975525996799
PrefabInstance:
  m_ObjectHideFlags: 0
  serializedVersion: 2
  m_Modification:
    m_TransformParent: {fileID: 3354361976301468220}
    m_Modifications:
    - target: {fileID: 1525326058169648, guid: 14eab3179517a954c87faf31cd4331f8, type: 3}
      propertyPath: m_Name
      value: SM_Bld_Floor_07 (3)
      objectReference: {fileID: 0}
    - target: {fileID: 4057359497517872, guid: 14eab3179517a954c87faf31cd4331f8, type: 3}
      propertyPath: m_RootOrder
      value: 0
      objectReference: {fileID: 0}
    - target: {fileID: 4057359497517872, guid: 14eab3179517a954c87faf31cd4331f8, type: 3}
      propertyPath: m_LocalPosition.x
      value: 10
      objectReference: {fileID: 0}
    - target: {fileID: 4057359497517872, guid: 14eab3179517a954c87faf31cd4331f8, type: 3}
      propertyPath: m_LocalPosition.y
      value: 0
      objectReference: {fileID: 0}
    - target: {fileID: 4057359497517872, guid: 14eab3179517a954c87faf31cd4331f8, type: 3}
      propertyPath: m_LocalPosition.z
      value: -5
      objectReference: {fileID: 0}
    - target: {fileID: 4057359497517872, guid: 14eab3179517a954c87faf31cd4331f8, type: 3}
      propertyPath: m_LocalRotation.w
      value: 1
      objectReference: {fileID: 0}
    - target: {fileID: 4057359497517872, guid: 14eab3179517a954c87faf31cd4331f8, type: 3}
      propertyPath: m_LocalRotation.x
      value: -0
      objectReference: {fileID: 0}
    - target: {fileID: 4057359497517872, guid: 14eab3179517a954c87faf31cd4331f8, type: 3}
      propertyPath: m_LocalRotation.y
      value: -0
      objectReference: {fileID: 0}
    - target: {fileID: 4057359497517872, guid: 14eab3179517a954c87faf31cd4331f8, type: 3}
      propertyPath: m_LocalRotation.z
      value: -0
      objectReference: {fileID: 0}
    - target: {fileID: 4057359497517872, guid: 14eab3179517a954c87faf31cd4331f8, type: 3}
      propertyPath: m_LocalEulerAnglesHint.x
      value: 0
      objectReference: {fileID: 0}
    - target: {fileID: 4057359497517872, guid: 14eab3179517a954c87faf31cd4331f8, type: 3}
      propertyPath: m_LocalEulerAnglesHint.y
      value: 0
      objectReference: {fileID: 0}
    - target: {fileID: 4057359497517872, guid: 14eab3179517a954c87faf31cd4331f8, type: 3}
      propertyPath: m_LocalEulerAnglesHint.z
      value: 0
      objectReference: {fileID: 0}
    m_RemovedComponents: []
  m_SourcePrefab: {fileID: 100100000, guid: 14eab3179517a954c87faf31cd4331f8, type: 3}
--- !u!4 &3351659249269646287 stripped
Transform:
  m_CorrespondingSourceObject: {fileID: 4057359497517872, guid: 14eab3179517a954c87faf31cd4331f8, type: 3}
  m_PrefabInstance: {fileID: 3354361975525996799}
  m_PrefabAsset: {fileID: 0}
--- !u!1001 &3354361975698918110
PrefabInstance:
  m_ObjectHideFlags: 0
  serializedVersion: 2
  m_Modification:
    m_TransformParent: {fileID: 3354361975874915727}
    m_Modifications:
    - target: {fileID: 1089632392375526, guid: c422904f3f961e94aac7030a6343c157, type: 3}
      propertyPath: m_Name
      value: SM_Bld_Wall_01_Alt (6)
      objectReference: {fileID: 0}
    - target: {fileID: 4733297365927674, guid: c422904f3f961e94aac7030a6343c157, type: 3}
      propertyPath: m_RootOrder
      value: 3
      objectReference: {fileID: 0}
    - target: {fileID: 4733297365927674, guid: c422904f3f961e94aac7030a6343c157, type: 3}
      propertyPath: m_LocalPosition.x
      value: 15
      objectReference: {fileID: 0}
    - target: {fileID: 4733297365927674, guid: c422904f3f961e94aac7030a6343c157, type: 3}
      propertyPath: m_LocalPosition.y
      value: 0
      objectReference: {fileID: 0}
    - target: {fileID: 4733297365927674, guid: c422904f3f961e94aac7030a6343c157, type: 3}
      propertyPath: m_LocalPosition.z
      value: 15.000002
      objectReference: {fileID: 0}
    - target: {fileID: 4733297365927674, guid: c422904f3f961e94aac7030a6343c157, type: 3}
      propertyPath: m_LocalRotation.w
      value: 0.7071068
      objectReference: {fileID: 0}
    - target: {fileID: 4733297365927674, guid: c422904f3f961e94aac7030a6343c157, type: 3}
      propertyPath: m_LocalRotation.x
      value: -0
      objectReference: {fileID: 0}
    - target: {fileID: 4733297365927674, guid: c422904f3f961e94aac7030a6343c157, type: 3}
      propertyPath: m_LocalRotation.y
      value: -0.7071068
      objectReference: {fileID: 0}
    - target: {fileID: 4733297365927674, guid: c422904f3f961e94aac7030a6343c157, type: 3}
      propertyPath: m_LocalRotation.z
      value: -0
      objectReference: {fileID: 0}
    - target: {fileID: 4733297365927674, guid: c422904f3f961e94aac7030a6343c157, type: 3}
      propertyPath: m_LocalEulerAnglesHint.x
      value: 0
      objectReference: {fileID: 0}
    - target: {fileID: 4733297365927674, guid: c422904f3f961e94aac7030a6343c157, type: 3}
      propertyPath: m_LocalEulerAnglesHint.y
      value: -90
      objectReference: {fileID: 0}
    - target: {fileID: 4733297365927674, guid: c422904f3f961e94aac7030a6343c157, type: 3}
      propertyPath: m_LocalEulerAnglesHint.z
      value: 0
      objectReference: {fileID: 0}
    m_RemovedComponents: []
  m_SourcePrefab: {fileID: 100100000, guid: c422904f3f961e94aac7030a6343c157, type: 3}
--- !u!4 &3359059259491896356 stripped
Transform:
  m_CorrespondingSourceObject: {fileID: 4733297365927674, guid: c422904f3f961e94aac7030a6343c157, type: 3}
  m_PrefabInstance: {fileID: 3354361975698918110}
  m_PrefabAsset: {fileID: 0}
--- !u!1001 &3354361975835636143
PrefabInstance:
  m_ObjectHideFlags: 0
  serializedVersion: 2
  m_Modification:
    m_TransformParent: {fileID: 3354361976301468220}
    m_Modifications:
    - target: {fileID: 1525326058169648, guid: 14eab3179517a954c87faf31cd4331f8, type: 3}
      propertyPath: m_Name
      value: SM_Bld_Floor_07 (15)
      objectReference: {fileID: 0}
    - target: {fileID: 4057359497517872, guid: 14eab3179517a954c87faf31cd4331f8, type: 3}
      propertyPath: m_RootOrder
      value: 9
      objectReference: {fileID: 0}
    - target: {fileID: 4057359497517872, guid: 14eab3179517a954c87faf31cd4331f8, type: 3}
      propertyPath: m_LocalPosition.x
      value: 15
      objectReference: {fileID: 0}
    - target: {fileID: 4057359497517872, guid: 14eab3179517a954c87faf31cd4331f8, type: 3}
      propertyPath: m_LocalPosition.y
      value: 0
      objectReference: {fileID: 0}
    - target: {fileID: 4057359497517872, guid: 14eab3179517a954c87faf31cd4331f8, type: 3}
      propertyPath: m_LocalPosition.z
      value: 15.000006
      objectReference: {fileID: 0}
    - target: {fileID: 4057359497517872, guid: 14eab3179517a954c87faf31cd4331f8, type: 3}
      propertyPath: m_LocalRotation.w
      value: 1
      objectReference: {fileID: 0}
    - target: {fileID: 4057359497517872, guid: 14eab3179517a954c87faf31cd4331f8, type: 3}
      propertyPath: m_LocalRotation.x
      value: -0
      objectReference: {fileID: 0}
    - target: {fileID: 4057359497517872, guid: 14eab3179517a954c87faf31cd4331f8, type: 3}
      propertyPath: m_LocalRotation.y
      value: -0
      objectReference: {fileID: 0}
    - target: {fileID: 4057359497517872, guid: 14eab3179517a954c87faf31cd4331f8, type: 3}
      propertyPath: m_LocalRotation.z
      value: -0
      objectReference: {fileID: 0}
    - target: {fileID: 4057359497517872, guid: 14eab3179517a954c87faf31cd4331f8, type: 3}
      propertyPath: m_LocalEulerAnglesHint.x
      value: 0
      objectReference: {fileID: 0}
    - target: {fileID: 4057359497517872, guid: 14eab3179517a954c87faf31cd4331f8, type: 3}
      propertyPath: m_LocalEulerAnglesHint.y
      value: 0
      objectReference: {fileID: 0}
    - target: {fileID: 4057359497517872, guid: 14eab3179517a954c87faf31cd4331f8, type: 3}
      propertyPath: m_LocalEulerAnglesHint.z
      value: 0
      objectReference: {fileID: 0}
    m_RemovedComponents: []
  m_SourcePrefab: {fileID: 100100000, guid: 14eab3179517a954c87faf31cd4331f8, type: 3}
--- !u!4 &3351659250032175775 stripped
Transform:
  m_CorrespondingSourceObject: {fileID: 4057359497517872, guid: 14eab3179517a954c87faf31cd4331f8, type: 3}
  m_PrefabInstance: {fileID: 3354361975835636143}
  m_PrefabAsset: {fileID: 0}
--- !u!1001 &3354361975916095232
PrefabInstance:
  m_ObjectHideFlags: 0
  serializedVersion: 2
  m_Modification:
    m_TransformParent: {fileID: 3354361975874915727}
    m_Modifications:
    - target: {fileID: 1089632392375526, guid: c422904f3f961e94aac7030a6343c157, type: 3}
      propertyPath: m_Name
      value: SM_Bld_Wall_01_Alt (11)
      objectReference: {fileID: 0}
    - target: {fileID: 4733297365927674, guid: c422904f3f961e94aac7030a6343c157, type: 3}
      propertyPath: m_RootOrder
      value: 4
      objectReference: {fileID: 0}
    - target: {fileID: 4733297365927674, guid: c422904f3f961e94aac7030a6343c157, type: 3}
      propertyPath: m_LocalPosition.x
      value: 15
      objectReference: {fileID: 0}
    - target: {fileID: 4733297365927674, guid: c422904f3f961e94aac7030a6343c157, type: 3}
      propertyPath: m_LocalPosition.y
      value: 0
      objectReference: {fileID: 0}
    - target: {fileID: 4733297365927674, guid: c422904f3f961e94aac7030a6343c157, type: 3}
      propertyPath: m_LocalPosition.z
      value: 20.000006
      objectReference: {fileID: 0}
    - target: {fileID: 4733297365927674, guid: c422904f3f961e94aac7030a6343c157, type: 3}
      propertyPath: m_LocalRotation.w
      value: 0.7071068
      objectReference: {fileID: 0}
    - target: {fileID: 4733297365927674, guid: c422904f3f961e94aac7030a6343c157, type: 3}
      propertyPath: m_LocalRotation.x
      value: -0
      objectReference: {fileID: 0}
    - target: {fileID: 4733297365927674, guid: c422904f3f961e94aac7030a6343c157, type: 3}
      propertyPath: m_LocalRotation.y
      value: -0.7071068
      objectReference: {fileID: 0}
    - target: {fileID: 4733297365927674, guid: c422904f3f961e94aac7030a6343c157, type: 3}
      propertyPath: m_LocalRotation.z
      value: -0
      objectReference: {fileID: 0}
    - target: {fileID: 4733297365927674, guid: c422904f3f961e94aac7030a6343c157, type: 3}
      propertyPath: m_LocalEulerAnglesHint.x
      value: 0
      objectReference: {fileID: 0}
    - target: {fileID: 4733297365927674, guid: c422904f3f961e94aac7030a6343c157, type: 3}
      propertyPath: m_LocalEulerAnglesHint.y
      value: -90
      objectReference: {fileID: 0}
    - target: {fileID: 4733297365927674, guid: c422904f3f961e94aac7030a6343c157, type: 3}
      propertyPath: m_LocalEulerAnglesHint.z
      value: 0
      objectReference: {fileID: 0}
    m_RemovedComponents: []
  m_SourcePrefab: {fileID: 100100000, guid: c422904f3f961e94aac7030a6343c157, type: 3}
--- !u!4 &3359059258771677690 stripped
Transform:
  m_CorrespondingSourceObject: {fileID: 4733297365927674, guid: c422904f3f961e94aac7030a6343c157, type: 3}
  m_PrefabInstance: {fileID: 3354361975916095232}
  m_PrefabAsset: {fileID: 0}
--- !u!1001 &3354361975956469707
PrefabInstance:
  m_ObjectHideFlags: 0
  serializedVersion: 2
  m_Modification:
    m_TransformParent: {fileID: 3354361976301468220}
    m_Modifications:
    - target: {fileID: 1525326058169648, guid: 14eab3179517a954c87faf31cd4331f8, type: 3}
      propertyPath: m_Name
      value: SM_Bld_Floor_07 (7)
      objectReference: {fileID: 0}
    - target: {fileID: 4057359497517872, guid: 14eab3179517a954c87faf31cd4331f8, type: 3}
      propertyPath: m_RootOrder
      value: 8
      objectReference: {fileID: 0}
    - target: {fileID: 4057359497517872, guid: 14eab3179517a954c87faf31cd4331f8, type: 3}
      propertyPath: m_LocalPosition.x
      value: 10
      objectReference: {fileID: 0}
    - target: {fileID: 4057359497517872, guid: 14eab3179517a954c87faf31cd4331f8, type: 3}
      propertyPath: m_LocalPosition.y
      value: 0
      objectReference: {fileID: 0}
    - target: {fileID: 4057359497517872, guid: 14eab3179517a954c87faf31cd4331f8, type: 3}
      propertyPath: m_LocalPosition.z
      value: 15
      objectReference: {fileID: 0}
    - target: {fileID: 4057359497517872, guid: 14eab3179517a954c87faf31cd4331f8, type: 3}
      propertyPath: m_LocalRotation.w
      value: 1
      objectReference: {fileID: 0}
    - target: {fileID: 4057359497517872, guid: 14eab3179517a954c87faf31cd4331f8, type: 3}
      propertyPath: m_LocalRotation.x
      value: -0
      objectReference: {fileID: 0}
    - target: {fileID: 4057359497517872, guid: 14eab3179517a954c87faf31cd4331f8, type: 3}
      propertyPath: m_LocalRotation.y
      value: -0
      objectReference: {fileID: 0}
    - target: {fileID: 4057359497517872, guid: 14eab3179517a954c87faf31cd4331f8, type: 3}
      propertyPath: m_LocalRotation.z
      value: -0
      objectReference: {fileID: 0}
    - target: {fileID: 4057359497517872, guid: 14eab3179517a954c87faf31cd4331f8, type: 3}
      propertyPath: m_LocalEulerAnglesHint.x
      value: 0
      objectReference: {fileID: 0}
    - target: {fileID: 4057359497517872, guid: 14eab3179517a954c87faf31cd4331f8, type: 3}
      propertyPath: m_LocalEulerAnglesHint.y
      value: 0
      objectReference: {fileID: 0}
    - target: {fileID: 4057359497517872, guid: 14eab3179517a954c87faf31cd4331f8, type: 3}
      propertyPath: m_LocalEulerAnglesHint.z
      value: 0
      objectReference: {fileID: 0}
    m_RemovedComponents: []
  m_SourcePrefab: {fileID: 100100000, guid: 14eab3179517a954c87faf31cd4331f8, type: 3}
--- !u!4 &3351659249915997435 stripped
Transform:
  m_CorrespondingSourceObject: {fileID: 4057359497517872, guid: 14eab3179517a954c87faf31cd4331f8, type: 3}
  m_PrefabInstance: {fileID: 3354361975956469707}
  m_PrefabAsset: {fileID: 0}
--- !u!1001 &3354361975987795909
PrefabInstance:
  m_ObjectHideFlags: 0
  serializedVersion: 2
  m_Modification:
    m_TransformParent: {fileID: 3354361976301468220}
    m_Modifications:
    - target: {fileID: 1525326058169648, guid: 14eab3179517a954c87faf31cd4331f8, type: 3}
      propertyPath: m_Name
      value: SM_Bld_Floor_07 (6)
      objectReference: {fileID: 0}
    - target: {fileID: 4057359497517872, guid: 14eab3179517a954c87faf31cd4331f8, type: 3}
      propertyPath: m_RootOrder
      value: 6
      objectReference: {fileID: 0}
    - target: {fileID: 4057359497517872, guid: 14eab3179517a954c87faf31cd4331f8, type: 3}
      propertyPath: m_LocalPosition.x
      value: 10
      objectReference: {fileID: 0}
    - target: {fileID: 4057359497517872, guid: 14eab3179517a954c87faf31cd4331f8, type: 3}
      propertyPath: m_LocalPosition.y
      value: 0
      objectReference: {fileID: 0}
    - target: {fileID: 4057359497517872, guid: 14eab3179517a954c87faf31cd4331f8, type: 3}
      propertyPath: m_LocalPosition.z
      value: 9.999996
      objectReference: {fileID: 0}
    - target: {fileID: 4057359497517872, guid: 14eab3179517a954c87faf31cd4331f8, type: 3}
      propertyPath: m_LocalRotation.w
      value: 1
      objectReference: {fileID: 0}
    - target: {fileID: 4057359497517872, guid: 14eab3179517a954c87faf31cd4331f8, type: 3}
      propertyPath: m_LocalRotation.x
      value: -0
      objectReference: {fileID: 0}
    - target: {fileID: 4057359497517872, guid: 14eab3179517a954c87faf31cd4331f8, type: 3}
      propertyPath: m_LocalRotation.y
      value: -0
      objectReference: {fileID: 0}
    - target: {fileID: 4057359497517872, guid: 14eab3179517a954c87faf31cd4331f8, type: 3}
      propertyPath: m_LocalRotation.z
      value: -0
      objectReference: {fileID: 0}
    - target: {fileID: 4057359497517872, guid: 14eab3179517a954c87faf31cd4331f8, type: 3}
      propertyPath: m_LocalEulerAnglesHint.x
      value: 0
      objectReference: {fileID: 0}
    - target: {fileID: 4057359497517872, guid: 14eab3179517a954c87faf31cd4331f8, type: 3}
      propertyPath: m_LocalEulerAnglesHint.y
      value: 0
      objectReference: {fileID: 0}
    - target: {fileID: 4057359497517872, guid: 14eab3179517a954c87faf31cd4331f8, type: 3}
      propertyPath: m_LocalEulerAnglesHint.z
      value: 0
      objectReference: {fileID: 0}
    m_RemovedComponents: []
  m_SourcePrefab: {fileID: 100100000, guid: 14eab3179517a954c87faf31cd4331f8, type: 3}
--- !u!4 &3351659249880476917 stripped
Transform:
  m_CorrespondingSourceObject: {fileID: 4057359497517872, guid: 14eab3179517a954c87faf31cd4331f8, type: 3}
  m_PrefabInstance: {fileID: 3354361975987795909}
  m_PrefabAsset: {fileID: 0}
--- !u!1001 &3354361976106922413
PrefabInstance:
  m_ObjectHideFlags: 0
  serializedVersion: 2
  m_Modification:
    m_TransformParent: {fileID: 3354361976301468220}
    m_Modifications:
    - target: {fileID: 1525326058169648, guid: 14eab3179517a954c87faf31cd4331f8, type: 3}
      propertyPath: m_Name
      value: SM_Bld_Floor_07 (19)
      objectReference: {fileID: 0}
    - target: {fileID: 4057359497517872, guid: 14eab3179517a954c87faf31cd4331f8, type: 3}
      propertyPath: m_RootOrder
      value: 14
      objectReference: {fileID: 0}
    - target: {fileID: 4057359497517872, guid: 14eab3179517a954c87faf31cd4331f8, type: 3}
      propertyPath: m_LocalPosition.x
      value: 5.000002
      objectReference: {fileID: 0}
    - target: {fileID: 4057359497517872, guid: 14eab3179517a954c87faf31cd4331f8, type: 3}
      propertyPath: m_LocalPosition.y
      value: 0
      objectReference: {fileID: 0}
    - target: {fileID: 4057359497517872, guid: 14eab3179517a954c87faf31cd4331f8, type: 3}
      propertyPath: m_LocalPosition.z
      value: 14.999985
      objectReference: {fileID: 0}
    - target: {fileID: 4057359497517872, guid: 14eab3179517a954c87faf31cd4331f8, type: 3}
      propertyPath: m_LocalRotation.w
      value: 1
      objectReference: {fileID: 0}
    - target: {fileID: 4057359497517872, guid: 14eab3179517a954c87faf31cd4331f8, type: 3}
      propertyPath: m_LocalRotation.x
      value: -0
      objectReference: {fileID: 0}
    - target: {fileID: 4057359497517872, guid: 14eab3179517a954c87faf31cd4331f8, type: 3}
      propertyPath: m_LocalRotation.y
      value: -0
      objectReference: {fileID: 0}
    - target: {fileID: 4057359497517872, guid: 14eab3179517a954c87faf31cd4331f8, type: 3}
      propertyPath: m_LocalRotation.z
      value: -0
      objectReference: {fileID: 0}
    - target: {fileID: 4057359497517872, guid: 14eab3179517a954c87faf31cd4331f8, type: 3}
      propertyPath: m_LocalEulerAnglesHint.x
      value: 0
      objectReference: {fileID: 0}
    - target: {fileID: 4057359497517872, guid: 14eab3179517a954c87faf31cd4331f8, type: 3}
      propertyPath: m_LocalEulerAnglesHint.y
      value: 0
      objectReference: {fileID: 0}
    - target: {fileID: 4057359497517872, guid: 14eab3179517a954c87faf31cd4331f8, type: 3}
      propertyPath: m_LocalEulerAnglesHint.z
      value: 0
      objectReference: {fileID: 0}
    m_RemovedComponents: []
  m_SourcePrefab: {fileID: 100100000, guid: 14eab3179517a954c87faf31cd4331f8, type: 3}
--- !u!4 &3351659249766591133 stripped
Transform:
  m_CorrespondingSourceObject: {fileID: 4057359497517872, guid: 14eab3179517a954c87faf31cd4331f8, type: 3}
  m_PrefabInstance: {fileID: 3354361976106922413}
  m_PrefabAsset: {fileID: 0}
--- !u!1001 &3354361976172468763
PrefabInstance:
  m_ObjectHideFlags: 0
  serializedVersion: 2
  m_Modification:
    m_TransformParent: {fileID: 3354361976301468220}
    m_Modifications:
    - target: {fileID: 1525326058169648, guid: 14eab3179517a954c87faf31cd4331f8, type: 3}
      propertyPath: m_Name
      value: SM_Bld_Floor_07 (4)
      objectReference: {fileID: 0}
    - target: {fileID: 4057359497517872, guid: 14eab3179517a954c87faf31cd4331f8, type: 3}
      propertyPath: m_RootOrder
      value: 1
      objectReference: {fileID: 0}
    - target: {fileID: 4057359497517872, guid: 14eab3179517a954c87faf31cd4331f8, type: 3}
      propertyPath: m_LocalPosition.x
      value: 10
      objectReference: {fileID: 0}
    - target: {fileID: 4057359497517872, guid: 14eab3179517a954c87faf31cd4331f8, type: 3}
      propertyPath: m_LocalPosition.y
      value: 0
      objectReference: {fileID: 0}
    - target: {fileID: 4057359497517872, guid: 14eab3179517a954c87faf31cd4331f8, type: 3}
      propertyPath: m_LocalPosition.z
      value: 0
      objectReference: {fileID: 0}
    - target: {fileID: 4057359497517872, guid: 14eab3179517a954c87faf31cd4331f8, type: 3}
      propertyPath: m_LocalRotation.w
      value: 1
      objectReference: {fileID: 0}
    - target: {fileID: 4057359497517872, guid: 14eab3179517a954c87faf31cd4331f8, type: 3}
      propertyPath: m_LocalRotation.x
      value: -0
      objectReference: {fileID: 0}
    - target: {fileID: 4057359497517872, guid: 14eab3179517a954c87faf31cd4331f8, type: 3}
      propertyPath: m_LocalRotation.y
      value: -0
      objectReference: {fileID: 0}
    - target: {fileID: 4057359497517872, guid: 14eab3179517a954c87faf31cd4331f8, type: 3}
      propertyPath: m_LocalRotation.z
      value: -0
      objectReference: {fileID: 0}
    - target: {fileID: 4057359497517872, guid: 14eab3179517a954c87faf31cd4331f8, type: 3}
      propertyPath: m_LocalEulerAnglesHint.x
      value: 0
      objectReference: {fileID: 0}
    - target: {fileID: 4057359497517872, guid: 14eab3179517a954c87faf31cd4331f8, type: 3}
      propertyPath: m_LocalEulerAnglesHint.y
      value: 0
      objectReference: {fileID: 0}
    - target: {fileID: 4057359497517872, guid: 14eab3179517a954c87faf31cd4331f8, type: 3}
      propertyPath: m_LocalEulerAnglesHint.z
      value: 0
      objectReference: {fileID: 0}
    m_RemovedComponents: []
  m_SourcePrefab: {fileID: 100100000, guid: 14eab3179517a954c87faf31cd4331f8, type: 3}
--- !u!4 &3351659249695785259 stripped
Transform:
  m_CorrespondingSourceObject: {fileID: 4057359497517872, guid: 14eab3179517a954c87faf31cd4331f8, type: 3}
  m_PrefabInstance: {fileID: 3354361976172468763}
  m_PrefabAsset: {fileID: 0}
--- !u!1001 &3354361976190084420
PrefabInstance:
  m_ObjectHideFlags: 0
  serializedVersion: 2
  m_Modification:
    m_TransformParent: {fileID: 3354361975874915727}
    m_Modifications:
    - target: {fileID: 1089632392375526, guid: c422904f3f961e94aac7030a6343c157, type: 3}
      propertyPath: m_Name
      value: SM_Bld_Wall_01_Alt (19)
      objectReference: {fileID: 0}
    - target: {fileID: 4733297365927674, guid: c422904f3f961e94aac7030a6343c157, type: 3}
      propertyPath: m_RootOrder
      value: 9
      objectReference: {fileID: 0}
    - target: {fileID: 4733297365927674, guid: c422904f3f961e94aac7030a6343c157, type: 3}
      propertyPath: m_LocalPosition.x
      value: 0.0000009536743
      objectReference: {fileID: 0}
    - target: {fileID: 4733297365927674, guid: c422904f3f961e94aac7030a6343c157, type: 3}
      propertyPath: m_LocalPosition.y
      value: 0
      objectReference: {fileID: 0}
    - target: {fileID: 4733297365927674, guid: c422904f3f961e94aac7030a6343c157, type: 3}
      propertyPath: m_LocalPosition.z
      value: 14.999992
      objectReference: {fileID: 0}
    - target: {fileID: 4733297365927674, guid: c422904f3f961e94aac7030a6343c157, type: 3}
      propertyPath: m_LocalRotation.w
      value: 0.7071068
      objectReference: {fileID: 0}
    - target: {fileID: 4733297365927674, guid: c422904f3f961e94aac7030a6343c157, type: 3}
      propertyPath: m_LocalRotation.x
      value: -0
      objectReference: {fileID: 0}
    - target: {fileID: 4733297365927674, guid: c422904f3f961e94aac7030a6343c157, type: 3}
      propertyPath: m_LocalRotation.y
      value: 0.7071068
      objectReference: {fileID: 0}
    - target: {fileID: 4733297365927674, guid: c422904f3f961e94aac7030a6343c157, type: 3}
      propertyPath: m_LocalRotation.z
      value: -0
      objectReference: {fileID: 0}
    - target: {fileID: 4733297365927674, guid: c422904f3f961e94aac7030a6343c157, type: 3}
      propertyPath: m_LocalEulerAnglesHint.x
      value: 0
      objectReference: {fileID: 0}
    - target: {fileID: 4733297365927674, guid: c422904f3f961e94aac7030a6343c157, type: 3}
      propertyPath: m_LocalEulerAnglesHint.y
      value: 90
      objectReference: {fileID: 0}
    - target: {fileID: 4733297365927674, guid: c422904f3f961e94aac7030a6343c157, type: 3}
      propertyPath: m_LocalEulerAnglesHint.z
      value: 0
      objectReference: {fileID: 0}
    m_RemovedComponents: []
  m_SourcePrefab: {fileID: 100100000, guid: c422904f3f961e94aac7030a6343c157, type: 3}
--- !u!4 &3359059259047273406 stripped
Transform:
  m_CorrespondingSourceObject: {fileID: 4733297365927674, guid: c422904f3f961e94aac7030a6343c157, type: 3}
  m_PrefabInstance: {fileID: 3354361976190084420}
  m_PrefabAsset: {fileID: 0}
--- !u!1001 &3354361976203412372
PrefabInstance:
  m_ObjectHideFlags: 0
  serializedVersion: 2
  m_Modification:
    m_TransformParent: {fileID: 3354361976301468220}
    m_Modifications:
    - target: {fileID: 1525326058169648, guid: 14eab3179517a954c87faf31cd4331f8, type: 3}
      propertyPath: m_Name
      value: SM_Bld_Floor_07 (10)
      objectReference: {fileID: 0}
    - target: {fileID: 4057359497517872, guid: 14eab3179517a954c87faf31cd4331f8, type: 3}
      propertyPath: m_RootOrder
      value: 11
      objectReference: {fileID: 0}
    - target: {fileID: 4057359497517872, guid: 14eab3179517a954c87faf31cd4331f8, type: 3}
      propertyPath: m_LocalPosition.x
      value: 5.000002
      objectReference: {fileID: 0}
    - target: {fileID: 4057359497517872, guid: 14eab3179517a954c87faf31cd4331f8, type: 3}
      propertyPath: m_LocalPosition.y
      value: 0
      objectReference: {fileID: 0}
    - target: {fileID: 4057359497517872, guid: 14eab3179517a954c87faf31cd4331f8, type: 3}
      propertyPath: m_LocalPosition.z
      value: -0.000015258789
      objectReference: {fileID: 0}
    - target: {fileID: 4057359497517872, guid: 14eab3179517a954c87faf31cd4331f8, type: 3}
      propertyPath: m_LocalRotation.w
      value: 1
      objectReference: {fileID: 0}
    - target: {fileID: 4057359497517872, guid: 14eab3179517a954c87faf31cd4331f8, type: 3}
      propertyPath: m_LocalRotation.x
      value: -0
      objectReference: {fileID: 0}
    - target: {fileID: 4057359497517872, guid: 14eab3179517a954c87faf31cd4331f8, type: 3}
      propertyPath: m_LocalRotation.y
      value: -0
      objectReference: {fileID: 0}
    - target: {fileID: 4057359497517872, guid: 14eab3179517a954c87faf31cd4331f8, type: 3}
      propertyPath: m_LocalRotation.z
      value: -0
      objectReference: {fileID: 0}
    - target: {fileID: 4057359497517872, guid: 14eab3179517a954c87faf31cd4331f8, type: 3}
      propertyPath: m_LocalEulerAnglesHint.x
      value: 0
      objectReference: {fileID: 0}
    - target: {fileID: 4057359497517872, guid: 14eab3179517a954c87faf31cd4331f8, type: 3}
      propertyPath: m_LocalEulerAnglesHint.y
      value: 0
      objectReference: {fileID: 0}
    - target: {fileID: 4057359497517872, guid: 14eab3179517a954c87faf31cd4331f8, type: 3}
      propertyPath: m_LocalEulerAnglesHint.z
      value: 0
      objectReference: {fileID: 0}
    m_RemovedComponents: []
  m_SourcePrefab: {fileID: 100100000, guid: 14eab3179517a954c87faf31cd4331f8, type: 3}
--- !u!4 &3351659249661761700 stripped
Transform:
  m_CorrespondingSourceObject: {fileID: 4057359497517872, guid: 14eab3179517a954c87faf31cd4331f8, type: 3}
  m_PrefabInstance: {fileID: 3354361976203412372}
  m_PrefabAsset: {fileID: 0}
--- !u!1001 &3354361976246979729
PrefabInstance:
  m_ObjectHideFlags: 0
  serializedVersion: 2
  m_Modification:
    m_TransformParent: {fileID: 3354361975874915727}
    m_Modifications:
    - target: {fileID: 1089632392375526, guid: c422904f3f961e94aac7030a6343c157, type: 3}
      propertyPath: m_Name
      value: SM_Bld_Wall_01_Alt (4)
      objectReference: {fileID: 0}
    - target: {fileID: 4733297365927674, guid: c422904f3f961e94aac7030a6343c157, type: 3}
      propertyPath: m_RootOrder
      value: 1
      objectReference: {fileID: 0}
    - target: {fileID: 4733297365927674, guid: c422904f3f961e94aac7030a6343c157, type: 3}
      propertyPath: m_LocalPosition.x
      value: 15
      objectReference: {fileID: 0}
    - target: {fileID: 4733297365927674, guid: c422904f3f961e94aac7030a6343c157, type: 3}
      propertyPath: m_LocalPosition.y
      value: 0
      objectReference: {fileID: 0}
    - target: {fileID: 4733297365927674, guid: c422904f3f961e94aac7030a6343c157, type: 3}
      propertyPath: m_LocalPosition.z
      value: 5.0000057
      objectReference: {fileID: 0}
    - target: {fileID: 4733297365927674, guid: c422904f3f961e94aac7030a6343c157, type: 3}
      propertyPath: m_LocalRotation.w
      value: 0.7071068
      objectReference: {fileID: 0}
    - target: {fileID: 4733297365927674, guid: c422904f3f961e94aac7030a6343c157, type: 3}
      propertyPath: m_LocalRotation.x
      value: -0
      objectReference: {fileID: 0}
    - target: {fileID: 4733297365927674, guid: c422904f3f961e94aac7030a6343c157, type: 3}
      propertyPath: m_LocalRotation.y
      value: -0.7071068
      objectReference: {fileID: 0}
    - target: {fileID: 4733297365927674, guid: c422904f3f961e94aac7030a6343c157, type: 3}
      propertyPath: m_LocalRotation.z
      value: -0
      objectReference: {fileID: 0}
    - target: {fileID: 4733297365927674, guid: c422904f3f961e94aac7030a6343c157, type: 3}
      propertyPath: m_LocalEulerAnglesHint.x
      value: 0
      objectReference: {fileID: 0}
    - target: {fileID: 4733297365927674, guid: c422904f3f961e94aac7030a6343c157, type: 3}
      propertyPath: m_LocalEulerAnglesHint.y
      value: -90
      objectReference: {fileID: 0}
    - target: {fileID: 4733297365927674, guid: c422904f3f961e94aac7030a6343c157, type: 3}
      propertyPath: m_LocalEulerAnglesHint.z
      value: 0
      objectReference: {fileID: 0}
    m_RemovedComponents: []
  m_SourcePrefab: {fileID: 100100000, guid: c422904f3f961e94aac7030a6343c157, type: 3}
--- !u!4 &3359059258969393771 stripped
Transform:
  m_CorrespondingSourceObject: {fileID: 4733297365927674, guid: c422904f3f961e94aac7030a6343c157, type: 3}
  m_PrefabInstance: {fileID: 3354361976246979729}
  m_PrefabAsset: {fileID: 0}
