%YAML 1.1
%TAG !u! tag:unity3d.com,2011:
--- !u!1 &1109674191440352530
GameObject:
  m_ObjectHideFlags: 0
  m_CorrespondingSourceObject: {fileID: 0}
  m_PrefabInstance: {fileID: 0}
  m_PrefabAsset: {fileID: 0}
  serializedVersion: 6
  m_Component:
  - component: {fileID: 599390153322814939}
  m_Layer: 0
  m_Name: Hallway1x3
  m_TagString: Untagged
  m_Icon: {fileID: 0}
  m_NavMeshLayer: 0
  m_StaticEditorFlags: 0
  m_IsActive: 1
--- !u!4 &599390153322814939
Transform:
  m_ObjectHideFlags: 0
  m_CorrespondingSourceObject: {fileID: 0}
  m_PrefabInstance: {fileID: 0}
  m_PrefabAsset: {fileID: 0}
  m_GameObject: {fileID: 1109674191440352530}
  m_LocalRotation: {x: 0, y: 0, z: 0, w: 1}
  m_LocalPosition: {x: -113.74, y: 0, z: 56.3}
  m_LocalScale: {x: 1, y: 1, z: 1}
  m_Children:
  - {fileID: 8443006059235859644}
  - {fileID: 4137295148182263593}
  - {fileID: 707142835604305957}
  m_Father: {fileID: 0}
  m_RootOrder: 0
  m_LocalEulerAnglesHint: {x: 0, y: 0, z: 0}
--- !u!1 &1126411697138455963
GameObject:
  m_ObjectHideFlags: 0
  m_CorrespondingSourceObject: {fileID: 0}
  m_PrefabInstance: {fileID: 0}
  m_PrefabAsset: {fileID: 0}
  serializedVersion: 6
  m_Component:
  - component: {fileID: 8443006059235859644}
  m_Layer: 0
  m_Name: Floors
  m_TagString: Untagged
  m_Icon: {fileID: 0}
  m_NavMeshLayer: 0
  m_StaticEditorFlags: 0
  m_IsActive: 1
--- !u!4 &8443006059235859644
Transform:
  m_ObjectHideFlags: 0
  m_CorrespondingSourceObject: {fileID: 0}
  m_PrefabInstance: {fileID: 0}
  m_PrefabAsset: {fileID: 0}
  m_GameObject: {fileID: 1126411697138455963}
  m_LocalRotation: {x: 0, y: 0, z: 0, w: 1}
  m_LocalPosition: {x: 0, y: 0, z: 0}
  m_LocalScale: {x: 1, y: 1, z: 1}
  m_Children:
  - {fileID: 1060454760224265408}
  - {fileID: 3318150786629826430}
  - {fileID: 4439424531317231247}
  m_Father: {fileID: 599390153322814939}
  m_RootOrder: 0
  m_LocalEulerAnglesHint: {x: 0, y: 0, z: 0}
--- !u!1 &2635278075671256822
GameObject:
  m_ObjectHideFlags: 0
  m_CorrespondingSourceObject: {fileID: 0}
  m_PrefabInstance: {fileID: 0}
  m_PrefabAsset: {fileID: 0}
  serializedVersion: 6
  m_Component:
  - component: {fileID: 4137295148182263593}
  m_Layer: 0
  m_Name: Walls
  m_TagString: Untagged
  m_Icon: {fileID: 0}
  m_NavMeshLayer: 0
  m_StaticEditorFlags: 0
  m_IsActive: 1
--- !u!4 &4137295148182263593
Transform:
  m_ObjectHideFlags: 0
  m_CorrespondingSourceObject: {fileID: 0}
  m_PrefabInstance: {fileID: 0}
  m_PrefabAsset: {fileID: 0}
  m_GameObject: {fileID: 2635278075671256822}
  m_LocalRotation: {x: -0, y: -0, z: -0, w: 1}
  m_LocalPosition: {x: 0, y: 0, z: 0}
  m_LocalScale: {x: 1, y: 1, z: 1}
  m_Children:
  - {fileID: 3871839831090853114}
  - {fileID: 9045999157352301437}
  m_Father: {fileID: 599390153322814939}
  m_RootOrder: 1
  m_LocalEulerAnglesHint: {x: 0, y: 0, z: 0}
--- !u!1 &7054791388790435975
GameObject:
  m_ObjectHideFlags: 0
  m_CorrespondingSourceObject: {fileID: 0}
  m_PrefabInstance: {fileID: 0}
  m_PrefabAsset: {fileID: 0}
  serializedVersion: 6
  m_Component:
  - component: {fileID: 707142835604305957}
  m_Layer: 0
  m_Name: Corners
  m_TagString: Untagged
  m_Icon: {fileID: 0}
  m_NavMeshLayer: 0
  m_StaticEditorFlags: 0
  m_IsActive: 1
--- !u!4 &707142835604305957
Transform:
  m_ObjectHideFlags: 0
  m_CorrespondingSourceObject: {fileID: 0}
  m_PrefabInstance: {fileID: 0}
  m_PrefabAsset: {fileID: 0}
  m_GameObject: {fileID: 7054791388790435975}
  m_LocalRotation: {x: -0, y: -0, z: -0, w: 1}
  m_LocalPosition: {x: 0, y: 0, z: 0}
  m_LocalScale: {x: 1, y: 1, z: 1}
  m_Children: []
  m_Father: {fileID: 599390153322814939}
  m_RootOrder: 2
  m_LocalEulerAnglesHint: {x: 0, y: 0, z: 0}
--- !u!1001 &1060905412227321840
PrefabInstance:
  m_ObjectHideFlags: 0
  serializedVersion: 2
  m_Modification:
    m_TransformParent: {fileID: 8443006059235859644}
    m_Modifications:
    - target: {fileID: 1525326058169648, guid: 14eab3179517a954c87faf31cd4331f8, type: 3}
      propertyPath: m_Name
      value: SM_Bld_Floor_07 (3)
      objectReference: {fileID: 0}
    - target: {fileID: 4057359497517872, guid: 14eab3179517a954c87faf31cd4331f8, type: 3}
      propertyPath: m_RootOrder
      value: 0
      objectReference: {fileID: 0}
    - target: {fileID: 4057359497517872, guid: 14eab3179517a954c87faf31cd4331f8, type: 3}
      propertyPath: m_LocalPosition.x
      value: 10
      objectReference: {fileID: 0}
    - target: {fileID: 4057359497517872, guid: 14eab3179517a954c87faf31cd4331f8, type: 3}
      propertyPath: m_LocalPosition.y
      value: 0
      objectReference: {fileID: 0}
    - target: {fileID: 4057359497517872, guid: 14eab3179517a954c87faf31cd4331f8, type: 3}
      propertyPath: m_LocalPosition.z
      value: -5
      objectReference: {fileID: 0}
    - target: {fileID: 4057359497517872, guid: 14eab3179517a954c87faf31cd4331f8, type: 3}
      propertyPath: m_LocalRotation.w
      value: 1
      objectReference: {fileID: 0}
    - target: {fileID: 4057359497517872, guid: 14eab3179517a954c87faf31cd4331f8, type: 3}
      propertyPath: m_LocalRotation.x
      value: -0
      objectReference: {fileID: 0}
    - target: {fileID: 4057359497517872, guid: 14eab3179517a954c87faf31cd4331f8, type: 3}
      propertyPath: m_LocalRotation.y
      value: -0
      objectReference: {fileID: 0}
    - target: {fileID: 4057359497517872, guid: 14eab3179517a954c87faf31cd4331f8, type: 3}
      propertyPath: m_LocalRotation.z
      value: -0
      objectReference: {fileID: 0}
    - target: {fileID: 4057359497517872, guid: 14eab3179517a954c87faf31cd4331f8, type: 3}
      propertyPath: m_LocalEulerAnglesHint.x
      value: 0
      objectReference: {fileID: 0}
    - target: {fileID: 4057359497517872, guid: 14eab3179517a954c87faf31cd4331f8, type: 3}
      propertyPath: m_LocalEulerAnglesHint.y
      value: 0
      objectReference: {fileID: 0}
    - target: {fileID: 4057359497517872, guid: 14eab3179517a954c87faf31cd4331f8, type: 3}
      propertyPath: m_LocalEulerAnglesHint.z
      value: 0
      objectReference: {fileID: 0}
    m_RemovedComponents: []
  m_SourcePrefab: {fileID: 100100000, guid: 14eab3179517a954c87faf31cd4331f8, type: 3}
--- !u!4 &1060454760224265408 stripped
Transform:
  m_CorrespondingSourceObject: {fileID: 4057359497517872, guid: 14eab3179517a954c87faf31cd4331f8, type: 3}
  m_PrefabInstance: {fileID: 1060905412227321840}
  m_PrefabAsset: {fileID: 0}
--- !u!1001 &3315241597369822286
PrefabInstance:
  m_ObjectHideFlags: 0
  serializedVersion: 2
  m_Modification:
    m_TransformParent: {fileID: 8443006059235859644}
    m_Modifications:
    - target: {fileID: 1525326058169648, guid: 14eab3179517a954c87faf31cd4331f8, type: 3}
      propertyPath: m_Name
      value: SM_Bld_Floor_07 (13)
      objectReference: {fileID: 0}
    - target: {fileID: 4057359497517872, guid: 14eab3179517a954c87faf31cd4331f8, type: 3}
      propertyPath: m_RootOrder
      value: 1
      objectReference: {fileID: 0}
    - target: {fileID: 4057359497517872, guid: 14eab3179517a954c87faf31cd4331f8, type: 3}
      propertyPath: m_LocalPosition.x
      value: 15
      objectReference: {fileID: 0}
    - target: {fileID: 4057359497517872, guid: 14eab3179517a954c87faf31cd4331f8, type: 3}
      propertyPath: m_LocalPosition.y
      value: 0
      objectReference: {fileID: 0}
    - target: {fileID: 4057359497517872, guid: 14eab3179517a954c87faf31cd4331f8, type: 3}
      propertyPath: m_LocalPosition.z
      value: -4.9999943
      objectReference: {fileID: 0}
    - target: {fileID: 4057359497517872, guid: 14eab3179517a954c87faf31cd4331f8, type: 3}
      propertyPath: m_LocalRotation.w
      value: 1
      objectReference: {fileID: 0}
    - target: {fileID: 4057359497517872, guid: 14eab3179517a954c87faf31cd4331f8, type: 3}
      propertyPath: m_LocalRotation.x
      value: -0
      objectReference: {fileID: 0}
    - target: {fileID: 4057359497517872, guid: 14eab3179517a954c87faf31cd4331f8, type: 3}
      propertyPath: m_LocalRotation.y
      value: -0
      objectReference: {fileID: 0}
    - target: {fileID: 4057359497517872, guid: 14eab3179517a954c87faf31cd4331f8, type: 3}
      propertyPath: m_LocalRotation.z
      value: -0
      objectReference: {fileID: 0}
    - target: {fileID: 4057359497517872, guid: 14eab3179517a954c87faf31cd4331f8, type: 3}
      propertyPath: m_LocalEulerAnglesHint.x
      value: 0
      objectReference: {fileID: 0}
    - target: {fileID: 4057359497517872, guid: 14eab3179517a954c87faf31cd4331f8, type: 3}
      propertyPath: m_LocalEulerAnglesHint.y
      value: 0
      objectReference: {fileID: 0}
    - target: {fileID: 4057359497517872, guid: 14eab3179517a954c87faf31cd4331f8, type: 3}
      propertyPath: m_LocalEulerAnglesHint.z
      value: 0
      objectReference: {fileID: 0}
    m_RemovedComponents: []
  m_SourcePrefab: {fileID: 100100000, guid: 14eab3179517a954c87faf31cd4331f8, type: 3}
--- !u!4 &3318150786629826430 stripped
Transform:
  m_CorrespondingSourceObject: {fileID: 4057359497517872, guid: 14eab3179517a954c87faf31cd4331f8, type: 3}
  m_PrefabInstance: {fileID: 3315241597369822286}
  m_PrefabAsset: {fileID: 0}
--- !u!1001 &3867282730466947584
PrefabInstance:
  m_ObjectHideFlags: 0
  serializedVersion: 2
  m_Modification:
    m_TransformParent: {fileID: 4137295148182263593}
    m_Modifications:
    - target: {fileID: 1089632392375526, guid: c422904f3f961e94aac7030a6343c157, type: 3}
      propertyPath: m_Name
      value: SM_Bld_Wall_01_Alt (5)
      objectReference: {fileID: 0}
    - target: {fileID: 4733297365927674, guid: c422904f3f961e94aac7030a6343c157, type: 3}
      propertyPath: m_RootOrder
      value: 0
      objectReference: {fileID: 0}
    - target: {fileID: 4733297365927674, guid: c422904f3f961e94aac7030a6343c157, type: 3}
      propertyPath: m_LocalPosition.x
      value: 15
      objectReference: {fileID: 0}
    - target: {fileID: 4733297365927674, guid: c422904f3f961e94aac7030a6343c157, type: 3}
      propertyPath: m_LocalPosition.y
      value: 0
      objectReference: {fileID: 0}
    - target: {fileID: 4733297365927674, guid: c422904f3f961e94aac7030a6343c157, type: 3}
      propertyPath: m_LocalPosition.z
      value: 0.000005722046
      objectReference: {fileID: 0}
    - target: {fileID: 4733297365927674, guid: c422904f3f961e94aac7030a6343c157, type: 3}
      propertyPath: m_LocalRotation.w
      value: 0.7071068
      objectReference: {fileID: 0}
    - target: {fileID: 4733297365927674, guid: c422904f3f961e94aac7030a6343c157, type: 3}
      propertyPath: m_LocalRotation.x
      value: -0
      objectReference: {fileID: 0}
    - target: {fileID: 4733297365927674, guid: c422904f3f961e94aac7030a6343c157, type: 3}
      propertyPath: m_LocalRotation.y
      value: -0.7071068
      objectReference: {fileID: 0}
    - target: {fileID: 4733297365927674, guid: c422904f3f961e94aac7030a6343c157, type: 3}
      propertyPath: m_LocalRotation.z
      value: -0
      objectReference: {fileID: 0}
    - target: {fileID: 4733297365927674, guid: c422904f3f961e94aac7030a6343c157, type: 3}
      propertyPath: m_LocalEulerAnglesHint.x
      value: 0
      objectReference: {fileID: 0}
    - target: {fileID: 4733297365927674, guid: c422904f3f961e94aac7030a6343c157, type: 3}
      propertyPath: m_LocalEulerAnglesHint.y
      value: -90
      objectReference: {fileID: 0}
    - target: {fileID: 4733297365927674, guid: c422904f3f961e94aac7030a6343c157, type: 3}
      propertyPath: m_LocalEulerAnglesHint.z
      value: 0
      objectReference: {fileID: 0}
    m_RemovedComponents: []
  m_SourcePrefab: {fileID: 100100000, guid: c422904f3f961e94aac7030a6343c157, type: 3}
--- !u!4 &3871839831090853114 stripped
Transform:
  m_CorrespondingSourceObject: {fileID: 4733297365927674, guid: c422904f3f961e94aac7030a6343c157, type: 3}
  m_PrefabInstance: {fileID: 3867282730466947584}
  m_PrefabAsset: {fileID: 0}
--- !u!1001 &4436726447750698431
PrefabInstance:
  m_ObjectHideFlags: 0
  serializedVersion: 2
  m_Modification:
    m_TransformParent: {fileID: 8443006059235859644}
    m_Modifications:
    - target: {fileID: 1525326058169648, guid: 14eab3179517a954c87faf31cd4331f8, type: 3}
      propertyPath: m_Name
      value: SM_Bld_Floor_07 (9)
      objectReference: {fileID: 0}
    - target: {fileID: 4057359497517872, guid: 14eab3179517a954c87faf31cd4331f8, type: 3}
      propertyPath: m_RootOrder
      value: 2
      objectReference: {fileID: 0}
    - target: {fileID: 4057359497517872, guid: 14eab3179517a954c87faf31cd4331f8, type: 3}
      propertyPath: m_LocalPosition.x
      value: 5.000002
      objectReference: {fileID: 0}
    - target: {fileID: 4057359497517872, guid: 14eab3179517a954c87faf31cd4331f8, type: 3}
      propertyPath: m_LocalPosition.y
      value: 0
      objectReference: {fileID: 0}
    - target: {fileID: 4057359497517872, guid: 14eab3179517a954c87faf31cd4331f8, type: 3}
      propertyPath: m_LocalPosition.z
      value: -5.0000153
      objectReference: {fileID: 0}
    - target: {fileID: 4057359497517872, guid: 14eab3179517a954c87faf31cd4331f8, type: 3}
      propertyPath: m_LocalRotation.w
      value: 1
      objectReference: {fileID: 0}
    - target: {fileID: 4057359497517872, guid: 14eab3179517a954c87faf31cd4331f8, type: 3}
      propertyPath: m_LocalRotation.x
      value: -0
      objectReference: {fileID: 0}
    - target: {fileID: 4057359497517872, guid: 14eab3179517a954c87faf31cd4331f8, type: 3}
      propertyPath: m_LocalRotation.y
      value: -0
      objectReference: {fileID: 0}
    - target: {fileID: 4057359497517872, guid: 14eab3179517a954c87faf31cd4331f8, type: 3}
      propertyPath: m_LocalRotation.z
      value: -0
      objectReference: {fileID: 0}
    - target: {fileID: 4057359497517872, guid: 14eab3179517a954c87faf31cd4331f8, type: 3}
      propertyPath: m_LocalEulerAnglesHint.x
      value: 0
      objectReference: {fileID: 0}
    - target: {fileID: 4057359497517872, guid: 14eab3179517a954c87faf31cd4331f8, type: 3}
      propertyPath: m_LocalEulerAnglesHint.y
      value: 0
      objectReference: {fileID: 0}
    - target: {fileID: 4057359497517872, guid: 14eab3179517a954c87faf31cd4331f8, type: 3}
      propertyPath: m_LocalEulerAnglesHint.z
      value: 0
      objectReference: {fileID: 0}
    m_RemovedComponents: []
  m_SourcePrefab: {fileID: 100100000, guid: 14eab3179517a954c87faf31cd4331f8, type: 3}
--- !u!4 &4439424531317231247 stripped
Transform:
  m_CorrespondingSourceObject: {fileID: 4057359497517872, guid: 14eab3179517a954c87faf31cd4331f8, type: 3}
  m_PrefabInstance: {fileID: 4436726447750698431}
  m_PrefabAsset: {fileID: 0}
--- !u!1001 &9050274439000442247
PrefabInstance:
  m_ObjectHideFlags: 0
  serializedVersion: 2
  m_Modification:
    m_TransformParent: {fileID: 4137295148182263593}
    m_Modifications:
    - target: {fileID: 1089632392375526, guid: c422904f3f961e94aac7030a6343c157, type: 3}
      propertyPath: m_Name
      value: SM_Bld_Wall_01_Alt (15)
      objectReference: {fileID: 0}
    - target: {fileID: 4733297365927674, guid: c422904f3f961e94aac7030a6343c157, type: 3}
      propertyPath: m_RootOrder
      value: 1
      objectReference: {fileID: 0}
    - target: {fileID: 4733297365927674, guid: c422904f3f961e94aac7030a6343c157, type: 3}
      propertyPath: m_LocalPosition.x
      value: 0.0000019073486
      objectReference: {fileID: 0}
    - target: {fileID: 4733297365927674, guid: c422904f3f961e94aac7030a6343c157, type: 3}
      propertyPath: m_LocalPosition.y
      value: 0
      objectReference: {fileID: 0}
    - target: {fileID: 4733297365927674, guid: c422904f3f961e94aac7030a6343c157, type: 3}
      propertyPath: m_LocalPosition.z
      value: -5.0000153
      objectReference: {fileID: 0}
    - target: {fileID: 4733297365927674, guid: c422904f3f961e94aac7030a6343c157, type: 3}
      propertyPath: m_LocalRotation.w
      value: 0.7071068
      objectReference: {fileID: 0}
    - target: {fileID: 4733297365927674, guid: c422904f3f961e94aac7030a6343c157, type: 3}
      propertyPath: m_LocalRotation.x
      value: -0
      objectReference: {fileID: 0}
    - target: {fileID: 4733297365927674, guid: c422904f3f961e94aac7030a6343c157, type: 3}
      propertyPath: m_LocalRotation.y
      value: 0.7071068
      objectReference: {fileID: 0}
    - target: {fileID: 4733297365927674, guid: c422904f3f961e94aac7030a6343c157, type: 3}
      propertyPath: m_LocalRotation.z
      value: -0
      objectReference: {fileID: 0}
    - target: {fileID: 4733297365927674, guid: c422904f3f961e94aac7030a6343c157, type: 3}
      propertyPath: m_LocalEulerAnglesHint.x
      value: 0
      objectReference: {fileID: 0}
    - target: {fileID: 4733297365927674, guid: c422904f3f961e94aac7030a6343c157, type: 3}
      propertyPath: m_LocalEulerAnglesHint.y
      value: 90
      objectReference: {fileID: 0}
    - target: {fileID: 4733297365927674, guid: c422904f3f961e94aac7030a6343c157, type: 3}
      propertyPath: m_LocalEulerAnglesHint.z
      value: 0
      objectReference: {fileID: 0}
    m_RemovedComponents: []
  m_SourcePrefab: {fileID: 100100000, guid: c422904f3f961e94aac7030a6343c157, type: 3}
--- !u!4 &9045999157352301437 stripped
Transform:
  m_CorrespondingSourceObject: {fileID: 4733297365927674, guid: c422904f3f961e94aac7030a6343c157, type: 3}
  m_PrefabInstance: {fileID: 9050274439000442247}
  m_PrefabAsset: {fileID: 0}
