%YAML 1.1
%TAG !u! tag:unity3d.com,2011:
--- !u!1 &4092304080820116365
GameObject:
  m_ObjectHideFlags: 0
  m_CorrespondingSourceObject: {fileID: 0}
  m_PrefabInstance: {fileID: 0}
  m_PrefabAsset: {fileID: 0}
  serializedVersion: 6
  m_Component:
  - component: {fileID: 4092304080820116402}
  m_Layer: 0
  m_Name: Walls
  m_TagString: Untagged
  m_Icon: {fileID: 0}
  m_NavMeshLayer: 0
  m_StaticEditorFlags: 4294967295
  m_IsActive: 1
--- !u!4 &4092304080820116402
Transform:
  m_ObjectHideFlags: 0
  m_CorrespondingSourceObject: {fileID: 0}
  m_PrefabInstance: {fileID: 0}
  m_PrefabAsset: {fileID: 0}
  m_GameObject: {fileID: 4092304080820116365}
  m_LocalRotation: {x: -0, y: -0, z: -0, w: 1}
  m_LocalPosition: {x: 0, y: 0, z: 0}
  m_LocalScale: {x: 1, y: 1, z: 1}
  m_Children:
  - {fileID: 3168718286857123931}
  - {fileID: 3168718287452291625}
  - {fileID: 3168718286115816217}
  m_Father: {fileID: 4092304080893533356}
  m_RootOrder: 1
  m_LocalEulerAnglesHint: {x: 0, y: 0, z: 0}
--- !u!1 &4092304080893533359
GameObject:
  m_ObjectHideFlags: 0
  m_CorrespondingSourceObject: {fileID: 0}
  m_PrefabInstance: {fileID: 0}
  m_PrefabAsset: {fileID: 0}
  serializedVersion: 6
  m_Component:
  - component: {fileID: 4092304080893533356}
  m_Layer: 0
  m_Name: Room1x1
  m_TagString: Untagged
  m_Icon: {fileID: 0}
  m_NavMeshLayer: 0
  m_StaticEditorFlags: 4294967295
  m_IsActive: 1
--- !u!4 &4092304080893533356
Transform:
  m_ObjectHideFlags: 0
  m_CorrespondingSourceObject: {fileID: 0}
  m_PrefabInstance: {fileID: 0}
  m_PrefabAsset: {fileID: 0}
  m_GameObject: {fileID: 4092304080893533359}
  m_LocalRotation: {x: 0, y: 0, z: 0, w: 1}
  m_LocalPosition: {x: 0, y: 0, z: 0}
  m_LocalScale: {x: 1, y: 1, z: 1}
  m_Children:
  - {fileID: 4092304081282037004}
  - {fileID: 4092304080820116402}
  - {fileID: 1329601896548547322}
  m_Father: {fileID: 0}
  m_RootOrder: 0
  m_LocalEulerAnglesHint: {x: 0, y: 0, z: 0}
--- !u!1 &4092304081282037007
GameObject:
  m_ObjectHideFlags: 0
  m_CorrespondingSourceObject: {fileID: 0}
  m_PrefabInstance: {fileID: 0}
  m_PrefabAsset: {fileID: 0}
  serializedVersion: 6
  m_Component:
  - component: {fileID: 4092304081282037004}
  m_Layer: 0
  m_Name: Floors
  m_TagString: Untagged
  m_Icon: {fileID: 0}
  m_NavMeshLayer: 0
  m_StaticEditorFlags: 4294967295
  m_IsActive: 1
--- !u!4 &4092304081282037004
Transform:
  m_ObjectHideFlags: 0
  m_CorrespondingSourceObject: {fileID: 0}
  m_PrefabInstance: {fileID: 0}
  m_PrefabAsset: {fileID: 0}
  m_GameObject: {fileID: 4092304081282037007}
  m_LocalRotation: {x: -0, y: -0, z: -0, w: 1}
  m_LocalPosition: {x: 0, y: 0, z: 0}
  m_LocalScale: {x: 1, y: 1, z: 1}
  m_Children:
  - {fileID: 4097128515729805852}
  m_Father: {fileID: 4092304080893533356}
  m_RootOrder: 0
  m_LocalEulerAnglesHint: {x: 0, y: 0, z: 0}
--- !u!1001 &4092304081178036097
PrefabInstance:
  m_ObjectHideFlags: 0
  serializedVersion: 2
  m_Modification:
    m_TransformParent: {fileID: 4092304080820116402}
    m_Modifications:
    - target: {fileID: 1383524960798524568, guid: 4f9948e8f1c4c454b9e81792f10a32ec, type: 3}
      propertyPath: m_RootOrder
      value: 2
      objectReference: {fileID: 0}
    - target: {fileID: 1383524960798524568, guid: 4f9948e8f1c4c454b9e81792f10a32ec, type: 3}
      propertyPath: m_LocalPosition.x
      value: -5
      objectReference: {fileID: 0}
    - target: {fileID: 1383524960798524568, guid: 4f9948e8f1c4c454b9e81792f10a32ec, type: 3}
      propertyPath: m_LocalPosition.y
      value: 0
      objectReference: {fileID: 0}
    - target: {fileID: 1383524960798524568, guid: 4f9948e8f1c4c454b9e81792f10a32ec, type: 3}
      propertyPath: m_LocalPosition.z
      value: -5
      objectReference: {fileID: 0}
    - target: {fileID: 1383524960798524568, guid: 4f9948e8f1c4c454b9e81792f10a32ec, type: 3}
      propertyPath: m_LocalRotation.w
      value: 0.7071068
      objectReference: {fileID: 0}
    - target: {fileID: 1383524960798524568, guid: 4f9948e8f1c4c454b9e81792f10a32ec, type: 3}
      propertyPath: m_LocalRotation.x
      value: -0
      objectReference: {fileID: 0}
    - target: {fileID: 1383524960798524568, guid: 4f9948e8f1c4c454b9e81792f10a32ec, type: 3}
      propertyPath: m_LocalRotation.y
      value: 0.7071068
      objectReference: {fileID: 0}
    - target: {fileID: 1383524960798524568, guid: 4f9948e8f1c4c454b9e81792f10a32ec, type: 3}
      propertyPath: m_LocalRotation.z
      value: -0
      objectReference: {fileID: 0}
    - target: {fileID: 1383524960798524568, guid: 4f9948e8f1c4c454b9e81792f10a32ec, type: 3}
      propertyPath: m_LocalEulerAnglesHint.x
      value: 0
      objectReference: {fileID: 0}
    - target: {fileID: 1383524960798524568, guid: 4f9948e8f1c4c454b9e81792f10a32ec, type: 3}
      propertyPath: m_LocalEulerAnglesHint.y
      value: 90
      objectReference: {fileID: 0}
    - target: {fileID: 1383524960798524568, guid: 4f9948e8f1c4c454b9e81792f10a32ec, type: 3}
      propertyPath: m_LocalEulerAnglesHint.z
      value: 0
      objectReference: {fileID: 0}
    - target: {fileID: 3173993982226097777, guid: 4f9948e8f1c4c454b9e81792f10a32ec, type: 3}
      propertyPath: m_StaticEditorFlags
      value: 4294967295
      objectReference: {fileID: 0}
    - target: {fileID: 3177489355881580965, guid: 4f9948e8f1c4c454b9e81792f10a32ec, type: 3}
      propertyPath: m_LocalPosition.x
      value: 0
      objectReference: {fileID: 0}
    - target: {fileID: 3177489355881580965, guid: 4f9948e8f1c4c454b9e81792f10a32ec, type: 3}
      propertyPath: m_LocalPosition.z
      value: 0
      objectReference: {fileID: 0}
    - target: {fileID: 6885832046363063544, guid: 4f9948e8f1c4c454b9e81792f10a32ec, type: 3}
      propertyPath: m_Name
      value: Wall_01 (11)
      objectReference: {fileID: 0}
    - target: {fileID: 6885832046363063544, guid: 4f9948e8f1c4c454b9e81792f10a32ec, type: 3}
      propertyPath: m_StaticEditorFlags
      value: 4294967295
      objectReference: {fileID: 0}
    m_RemovedComponents: []
  m_SourcePrefab: {fileID: 100100000, guid: 4f9948e8f1c4c454b9e81792f10a32ec, type: 3}
--- !u!4 &3168718286115816217 stripped
Transform:
  m_CorrespondingSourceObject: {fileID: 1383524960798524568, guid: 4f9948e8f1c4c454b9e81792f10a32ec, type: 3}
  m_PrefabInstance: {fileID: 4092304081178036097}
  m_PrefabAsset: {fileID: 0}
--- !u!1001 &4092304081432381105
PrefabInstance:
  m_ObjectHideFlags: 0
  serializedVersion: 2
  m_Modification:
    m_TransformParent: {fileID: 4092304080820116402}
    m_Modifications:
    - target: {fileID: 1383524960798524568, guid: 4f9948e8f1c4c454b9e81792f10a32ec, type: 3}
      propertyPath: m_RootOrder
      value: 1
      objectReference: {fileID: 0}
    - target: {fileID: 1383524960798524568, guid: 4f9948e8f1c4c454b9e81792f10a32ec, type: 3}
      propertyPath: m_LocalPosition.x
      value: -5
      objectReference: {fileID: 0}
    - target: {fileID: 1383524960798524568, guid: 4f9948e8f1c4c454b9e81792f10a32ec, type: 3}
      propertyPath: m_LocalPosition.y
      value: 0
      objectReference: {fileID: 0}
    - target: {fileID: 1383524960798524568, guid: 4f9948e8f1c4c454b9e81792f10a32ec, type: 3}
      propertyPath: m_LocalPosition.z
      value: 0.0000019073486
      objectReference: {fileID: 0}
    - target: {fileID: 1383524960798524568, guid: 4f9948e8f1c4c454b9e81792f10a32ec, type: 3}
      propertyPath: m_LocalRotation.w
      value: 0
      objectReference: {fileID: 0}
    - target: {fileID: 1383524960798524568, guid: 4f9948e8f1c4c454b9e81792f10a32ec, type: 3}
      propertyPath: m_LocalRotation.x
      value: -0
      objectReference: {fileID: 0}
    - target: {fileID: 1383524960798524568, guid: 4f9948e8f1c4c454b9e81792f10a32ec, type: 3}
      propertyPath: m_LocalRotation.y
      value: 1
      objectReference: {fileID: 0}
    - target: {fileID: 1383524960798524568, guid: 4f9948e8f1c4c454b9e81792f10a32ec, type: 3}
      propertyPath: m_LocalRotation.z
      value: -0
      objectReference: {fileID: 0}
    - target: {fileID: 1383524960798524568, guid: 4f9948e8f1c4c454b9e81792f10a32ec, type: 3}
      propertyPath: m_LocalEulerAnglesHint.x
      value: 0
      objectReference: {fileID: 0}
    - target: {fileID: 1383524960798524568, guid: 4f9948e8f1c4c454b9e81792f10a32ec, type: 3}
      propertyPath: m_LocalEulerAnglesHint.y
      value: 180
      objectReference: {fileID: 0}
    - target: {fileID: 1383524960798524568, guid: 4f9948e8f1c4c454b9e81792f10a32ec, type: 3}
      propertyPath: m_LocalEulerAnglesHint.z
      value: 0
      objectReference: {fileID: 0}
    - target: {fileID: 3173993982226097777, guid: 4f9948e8f1c4c454b9e81792f10a32ec, type: 3}
      propertyPath: m_StaticEditorFlags
      value: 4294967295
      objectReference: {fileID: 0}
    - target: {fileID: 3177489355881580965, guid: 4f9948e8f1c4c454b9e81792f10a32ec, type: 3}
      propertyPath: m_LocalPosition.x
      value: 0
      objectReference: {fileID: 0}
    - target: {fileID: 3177489355881580965, guid: 4f9948e8f1c4c454b9e81792f10a32ec, type: 3}
      propertyPath: m_LocalPosition.z
      value: 0
      objectReference: {fileID: 0}
    - target: {fileID: 6885832046363063544, guid: 4f9948e8f1c4c454b9e81792f10a32ec, type: 3}
      propertyPath: m_Name
      value: Wall_01 (7)
      objectReference: {fileID: 0}
    - target: {fileID: 6885832046363063544, guid: 4f9948e8f1c4c454b9e81792f10a32ec, type: 3}
      propertyPath: m_StaticEditorFlags
      value: 4294967295
      objectReference: {fileID: 0}
    m_RemovedComponents: []
  m_SourcePrefab: {fileID: 100100000, guid: 4f9948e8f1c4c454b9e81792f10a32ec, type: 3}
--- !u!4 &3168718287452291625 stripped
Transform:
  m_CorrespondingSourceObject: {fileID: 1383524960798524568, guid: 4f9948e8f1c4c454b9e81792f10a32ec, type: 3}
  m_PrefabInstance: {fileID: 4092304081432381105}
  m_PrefabAsset: {fileID: 0}
--- !u!1001 &4092304081610653066
PrefabInstance:
  m_ObjectHideFlags: 0
  serializedVersion: 2
  m_Modification:
    m_TransformParent: {fileID: 4092304081282037004}
    m_Modifications:
    - target: {fileID: 1182560378374930, guid: ba8c17098e39a004d8754f7823b7bcc7, type: 3}
      propertyPath: m_Name
      value: SM_Bld_Floor_010 (7)
      objectReference: {fileID: 0}
    - target: {fileID: 1182560378374930, guid: ba8c17098e39a004d8754f7823b7bcc7, type: 3}
      propertyPath: m_StaticEditorFlags
      value: 4294967295
      objectReference: {fileID: 0}
    - target: {fileID: 4824984152862614, guid: ba8c17098e39a004d8754f7823b7bcc7, type: 3}
      propertyPath: m_RootOrder
      value: 0
      objectReference: {fileID: 0}
    - target: {fileID: 4824984152862614, guid: ba8c17098e39a004d8754f7823b7bcc7, type: 3}
      propertyPath: m_LocalPosition.x
      value: 0
      objectReference: {fileID: 0}
    - target: {fileID: 4824984152862614, guid: ba8c17098e39a004d8754f7823b7bcc7, type: 3}
      propertyPath: m_LocalPosition.y
      value: 0
      objectReference: {fileID: 0}
    - target: {fileID: 4824984152862614, guid: ba8c17098e39a004d8754f7823b7bcc7, type: 3}
      propertyPath: m_LocalPosition.z
      value: -5
      objectReference: {fileID: 0}
    - target: {fileID: 4824984152862614, guid: ba8c17098e39a004d8754f7823b7bcc7, type: 3}
      propertyPath: m_LocalRotation.w
      value: 1
      objectReference: {fileID: 0}
    - target: {fileID: 4824984152862614, guid: ba8c17098e39a004d8754f7823b7bcc7, type: 3}
      propertyPath: m_LocalRotation.x
      value: -0
      objectReference: {fileID: 0}
    - target: {fileID: 4824984152862614, guid: ba8c17098e39a004d8754f7823b7bcc7, type: 3}
      propertyPath: m_LocalRotation.y
      value: -0
      objectReference: {fileID: 0}
    - target: {fileID: 4824984152862614, guid: ba8c17098e39a004d8754f7823b7bcc7, type: 3}
      propertyPath: m_LocalRotation.z
      value: -0
      objectReference: {fileID: 0}
    - target: {fileID: 4824984152862614, guid: ba8c17098e39a004d8754f7823b7bcc7, type: 3}
      propertyPath: m_LocalEulerAnglesHint.x
      value: 0
      objectReference: {fileID: 0}
    - target: {fileID: 4824984152862614, guid: ba8c17098e39a004d8754f7823b7bcc7, type: 3}
      propertyPath: m_LocalEulerAnglesHint.y
      value: 0
      objectReference: {fileID: 0}
    - target: {fileID: 4824984152862614, guid: ba8c17098e39a004d8754f7823b7bcc7, type: 3}
      propertyPath: m_LocalEulerAnglesHint.z
      value: 0
      objectReference: {fileID: 0}
    m_RemovedComponents: []
  m_SourcePrefab: {fileID: 100100000, guid: ba8c17098e39a004d8754f7823b7bcc7, type: 3}
--- !u!4 &4097128515729805852 stripped
Transform:
  m_CorrespondingSourceObject: {fileID: 4824984152862614, guid: ba8c17098e39a004d8754f7823b7bcc7, type: 3}
  m_PrefabInstance: {fileID: 4092304081610653066}
  m_PrefabAsset: {fileID: 0}
--- !u!1001 &4092304081910987971
PrefabInstance:
  m_ObjectHideFlags: 0
  serializedVersion: 2
  m_Modification:
    m_TransformParent: {fileID: 4092304080820116402}
    m_Modifications:
    - target: {fileID: 1383524960798524568, guid: 4f9948e8f1c4c454b9e81792f10a32ec, type: 3}
      propertyPath: m_RootOrder
      value: 0
      objectReference: {fileID: 0}
    - target: {fileID: 1383524960798524568, guid: 4f9948e8f1c4c454b9e81792f10a32ec, type: 3}
      propertyPath: m_LocalPosition.x
      value: -0.0000019073486
      objectReference: {fileID: 0}
    - target: {fileID: 1383524960798524568, guid: 4f9948e8f1c4c454b9e81792f10a32ec, type: 3}
      propertyPath: m_LocalPosition.y
      value: 0
      objectReference: {fileID: 0}
    - target: {fileID: 1383524960798524568, guid: 4f9948e8f1c4c454b9e81792f10a32ec, type: 3}
      propertyPath: m_LocalPosition.z
      value: 0.0000019073486
      objectReference: {fileID: 0}
    - target: {fileID: 1383524960798524568, guid: 4f9948e8f1c4c454b9e81792f10a32ec, type: 3}
      propertyPath: m_LocalRotation.w
      value: 0.7071068
      objectReference: {fileID: 0}
    - target: {fileID: 1383524960798524568, guid: 4f9948e8f1c4c454b9e81792f10a32ec, type: 3}
      propertyPath: m_LocalRotation.x
      value: -0
      objectReference: {fileID: 0}
    - target: {fileID: 1383524960798524568, guid: 4f9948e8f1c4c454b9e81792f10a32ec, type: 3}
      propertyPath: m_LocalRotation.y
      value: -0.7071068
      objectReference: {fileID: 0}
    - target: {fileID: 1383524960798524568, guid: 4f9948e8f1c4c454b9e81792f10a32ec, type: 3}
      propertyPath: m_LocalRotation.z
      value: -0
      objectReference: {fileID: 0}
    - target: {fileID: 1383524960798524568, guid: 4f9948e8f1c4c454b9e81792f10a32ec, type: 3}
      propertyPath: m_LocalEulerAnglesHint.x
      value: 0
      objectReference: {fileID: 0}
    - target: {fileID: 1383524960798524568, guid: 4f9948e8f1c4c454b9e81792f10a32ec, type: 3}
      propertyPath: m_LocalEulerAnglesHint.y
      value: -90
      objectReference: {fileID: 0}
    - target: {fileID: 1383524960798524568, guid: 4f9948e8f1c4c454b9e81792f10a32ec, type: 3}
      propertyPath: m_LocalEulerAnglesHint.z
      value: 0
      objectReference: {fileID: 0}
    - target: {fileID: 3173993982226097777, guid: 4f9948e8f1c4c454b9e81792f10a32ec, type: 3}
      propertyPath: m_StaticEditorFlags
      value: 4294967295
      objectReference: {fileID: 0}
    - target: {fileID: 3177489355881580965, guid: 4f9948e8f1c4c454b9e81792f10a32ec, type: 3}
      propertyPath: m_LocalPosition.x
      value: 0
      objectReference: {fileID: 0}
    - target: {fileID: 3177489355881580965, guid: 4f9948e8f1c4c454b9e81792f10a32ec, type: 3}
      propertyPath: m_LocalPosition.z
      value: 0
      objectReference: {fileID: 0}
    - target: {fileID: 6885832046363063544, guid: 4f9948e8f1c4c454b9e81792f10a32ec, type: 3}
      propertyPath: m_Name
      value: Wall_01 (3)
      objectReference: {fileID: 0}
    - target: {fileID: 6885832046363063544, guid: 4f9948e8f1c4c454b9e81792f10a32ec, type: 3}
      propertyPath: m_StaticEditorFlags
      value: 4294967295
      objectReference: {fileID: 0}
    m_RemovedComponents: []
  m_SourcePrefab: {fileID: 100100000, guid: 4f9948e8f1c4c454b9e81792f10a32ec, type: 3}
--- !u!4 &3168718286857123931 stripped
Transform:
  m_CorrespondingSourceObject: {fileID: 1383524960798524568, guid: 4f9948e8f1c4c454b9e81792f10a32ec, type: 3}
  m_PrefabInstance: {fileID: 4092304081910987971}
  m_PrefabAsset: {fileID: 0}
--- !u!1001 &4092304081925135726
PrefabInstance:
  m_ObjectHideFlags: 0
  serializedVersion: 2
  m_Modification:
    m_TransformParent: {fileID: 4092304080893533356}
    m_Modifications:
    - target: {fileID: 1856316353, guid: f9c23ad2ba535e14fbaee338d87eb970, type: 3}
      propertyPath: m_StaticEditorFlags
      value: 4294967295
      objectReference: {fileID: 0}
    - target: {fileID: 247579747621985283, guid: f9c23ad2ba535e14fbaee338d87eb970, type: 3}
      propertyPath: m_StaticEditorFlags
      value: 4294967295
      objectReference: {fileID: 0}
    - target: {fileID: 1281417465164881569, guid: f9c23ad2ba535e14fbaee338d87eb970, type: 3}
      propertyPath: m_StaticEditorFlags
      value: 4294967295
      objectReference: {fileID: 0}
    - target: {fileID: 3078624861400164244, guid: f9c23ad2ba535e14fbaee338d87eb970, type: 3}
      propertyPath: m_RootOrder
      value: 2
      objectReference: {fileID: 0}
    - target: {fileID: 3078624861400164244, guid: f9c23ad2ba535e14fbaee338d87eb970, type: 3}
      propertyPath: m_LocalPosition.x
      value: -2.5
      objectReference: {fileID: 0}
    - target: {fileID: 3078624861400164244, guid: f9c23ad2ba535e14fbaee338d87eb970, type: 3}
      propertyPath: m_LocalPosition.y
      value: 0
      objectReference: {fileID: 0}
    - target: {fileID: 3078624861400164244, guid: f9c23ad2ba535e14fbaee338d87eb970, type: 3}
      propertyPath: m_LocalPosition.z
      value: -2.3613052
      objectReference: {fileID: 0}
    - target: {fileID: 3078624861400164244, guid: f9c23ad2ba535e14fbaee338d87eb970, type: 3}
      propertyPath: m_LocalRotation.w
      value: 1
      objectReference: {fileID: 0}
    - target: {fileID: 3078624861400164244, guid: f9c23ad2ba535e14fbaee338d87eb970, type: 3}
      propertyPath: m_LocalRotation.x
      value: -0
      objectReference: {fileID: 0}
    - target: {fileID: 3078624861400164244, guid: f9c23ad2ba535e14fbaee338d87eb970, type: 3}
      propertyPath: m_LocalRotation.y
      value: -0
      objectReference: {fileID: 0}
    - target: {fileID: 3078624861400164244, guid: f9c23ad2ba535e14fbaee338d87eb970, type: 3}
      propertyPath: m_LocalRotation.z
      value: -0
      objectReference: {fileID: 0}
    - target: {fileID: 3078624861400164244, guid: f9c23ad2ba535e14fbaee338d87eb970, type: 3}
      propertyPath: m_LocalEulerAnglesHint.x
      value: 0
      objectReference: {fileID: 0}
    - target: {fileID: 3078624861400164244, guid: f9c23ad2ba535e14fbaee338d87eb970, type: 3}
      propertyPath: m_LocalEulerAnglesHint.y
      value: 0
      objectReference: {fileID: 0}
    - target: {fileID: 3078624861400164244, guid: f9c23ad2ba535e14fbaee338d87eb970, type: 3}
      propertyPath: m_LocalEulerAnglesHint.z
      value: 0
      objectReference: {fileID: 0}
    - target: {fileID: 5790777735851522610, guid: f9c23ad2ba535e14fbaee338d87eb970, type: 3}
      propertyPath: m_Name
      value: Door
      objectReference: {fileID: 0}
    - target: {fileID: 5790777735851522610, guid: f9c23ad2ba535e14fbaee338d87eb970, type: 3}
      propertyPath: m_StaticEditorFlags
      value: 4294967295
      objectReference: {fileID: 0}
    - target: {fileID: 8885770936913131592, guid: f9c23ad2ba535e14fbaee338d87eb970, type: 3}
      propertyPath: m_StaticEditorFlags
      value: 4294967295
      objectReference: {fileID: 0}
    - target: {fileID: 8886113498666767266, guid: f9c23ad2ba535e14fbaee338d87eb970, type: 3}
      propertyPath: m_StaticEditorFlags
      value: 4294967295
      objectReference: {fileID: 0}
    m_RemovedComponents: []
  m_SourcePrefab: {fileID: 100100000, guid: f9c23ad2ba535e14fbaee338d87eb970, type: 3}
--- !u!4 &1329601896548547322 stripped
Transform:
  m_CorrespondingSourceObject: {fileID: 3078624861400164244, guid: f9c23ad2ba535e14fbaee338d87eb970, type: 3}
  m_PrefabInstance: {fileID: 4092304081925135726}
  m_PrefabAsset: {fileID: 0}
