%YAML 1.1
%TAG !u! tag:unity3d.com,2011:
--- !u!1 &114056002436012548
GameObject:
  m_ObjectHideFlags: 0
  m_CorrespondingSourceObject: {fileID: 0}
  m_PrefabInstance: {fileID: 0}
  m_PrefabAsset: {fileID: 0}
  serializedVersion: 6
  m_Component:
  - component: {fileID: 5634015574762039893}
  - component: {fileID: 1680341754531493691}
  - component: {fileID: 1570646919206818272}
  m_Layer: 0
  m_Name: Text
  m_TagString: Untagged
  m_Icon: {fileID: 0}
  m_NavMeshLayer: 0
  m_StaticEditorFlags: 0
  m_IsActive: 1
--- !u!224 &5634015574762039893
RectTransform:
  m_ObjectHideFlags: 0
  m_CorrespondingSourceObject: {fileID: 0}
  m_PrefabInstance: {fileID: 0}
  m_PrefabAsset: {fileID: 0}
  m_GameObject: {fileID: 114056002436012548}
  m_LocalRotation: {x: -0, y: -0, z: -0, w: 1}
  m_LocalPosition: {x: 0, y: 0, z: 0}
  m_LocalScale: {x: 1, y: 1, z: 1}
  m_Children: []
  m_Father: {fileID: 5401753324264619959}
  m_RootOrder: 0
  m_LocalEulerAnglesHint: {x: 0, y: 0, z: 0}
  m_AnchorMin: {x: 0, y: 0}
  m_AnchorMax: {x: 1, y: 1}
  m_AnchoredPosition: {x: 125.00005, y: 0}
  m_SizeDelta: {x: -249.99988, y: 0}
  m_Pivot: {x: 0.5, y: 0.5}
--- !u!222 &1680341754531493691
CanvasRenderer:
  m_ObjectHideFlags: 0
  m_CorrespondingSourceObject: {fileID: 0}
  m_PrefabInstance: {fileID: 0}
  m_PrefabAsset: {fileID: 0}
  m_GameObject: {fileID: 114056002436012548}
  m_CullTransparentMesh: 1
--- !u!114 &1570646919206818272
MonoBehaviour:
  m_ObjectHideFlags: 0
  m_CorrespondingSourceObject: {fileID: 0}
  m_PrefabInstance: {fileID: 0}
  m_PrefabAsset: {fileID: 0}
  m_GameObject: {fileID: 114056002436012548}
  m_Enabled: 1
  m_EditorHideFlags: 0
  m_Script: {fileID: 11500000, guid: 5f7201a12d95ffc409449d95f23cf332, type: 3}
  m_Name: 
  m_EditorClassIdentifier: 
  m_Material: {fileID: 0}
  m_Color: {r: 0.9372549, g: 0.78431374, b: 0.3764706, a: 1}
  m_RaycastTarget: 1
  m_RaycastPadding: {x: 0, y: 0, z: 0, w: 0}
  m_Maskable: 1
  m_OnCullStateChanged:
    m_PersistentCalls:
      m_Calls: []
  m_FontData:
    m_Font: {fileID: 12800000, guid: d6c214a1716d31845a37728a55d5ea08, type: 3}
    m_FontSize: 40
    m_FontStyle: 0
    m_BestFit: 0
    m_MinSize: 4
    m_MaxSize: 40
    m_Alignment: 3
    m_AlignByGeometry: 0
    m_RichText: 1
    m_HorizontalOverflow: 0
    m_VerticalOverflow: 0
    m_LineSpacing: 1
  m_Text: RETURN TO LOBBY
--- !u!1 &2897176191043955267
GameObject:
  m_ObjectHideFlags: 0
  m_CorrespondingSourceObject: {fileID: 0}
  m_PrefabInstance: {fileID: 0}
  m_PrefabAsset: {fileID: 0}
  serializedVersion: 6
  m_Component:
  - component: {fileID: 1287663378150782862}
  - component: {fileID: 7193445250070962797}
  - component: {fileID: 3859122971864834278}
  - component: {fileID: 98132820392924518}
  - component: {fileID: 7221013015803436775}
  m_Layer: 0
  m_Name: PauseMenuCanvas
  m_TagString: PauseMenu
  m_Icon: {fileID: 0}
  m_NavMeshLayer: 0
  m_StaticEditorFlags: 0
  m_IsActive: 1
--- !u!224 &1287663378150782862
RectTransform:
  m_ObjectHideFlags: 0
  m_CorrespondingSourceObject: {fileID: 0}
  m_PrefabInstance: {fileID: 0}
  m_PrefabAsset: {fileID: 0}
  m_GameObject: {fileID: 2897176191043955267}
  m_LocalRotation: {x: 0, y: 0, z: 0, w: 1}
  m_LocalPosition: {x: 0, y: 0, z: 0}
  m_LocalScale: {x: 0, y: 0, z: 0}
  m_Children:
  - {fileID: 4105186403029836297}
  - {fileID: 5806300338694248450}
  - {fileID: 4700024326748346481}
  - {fileID: 3100397505927705904}
  - {fileID: 4201585875794873120}
  - {fileID: 3602722482818979239}
  - {fileID: 5401753324264619959}
  - {fileID: 7782402636784199875}
  m_Father: {fileID: 0}
  m_RootOrder: 0
  m_LocalEulerAnglesHint: {x: 0, y: 0, z: 0}
  m_AnchorMin: {x: 0, y: 0}
  m_AnchorMax: {x: 0, y: 0}
  m_AnchoredPosition: {x: 0, y: 0}
  m_SizeDelta: {x: 0, y: 0}
  m_Pivot: {x: 0, y: 0}
--- !u!114 &7193445250070962797
MonoBehaviour:
  m_ObjectHideFlags: 0
  m_CorrespondingSourceObject: {fileID: 0}
  m_PrefabInstance: {fileID: 0}
  m_PrefabAsset: {fileID: 0}
  m_GameObject: {fileID: 2897176191043955267}
  m_Enabled: 1
  m_EditorHideFlags: 0
  m_Script: {fileID: 11500000, guid: dd2290ef50c3d2c4793b460348ae11f9, type: 3}
  m_Name: 
  m_EditorClassIdentifier: 
  horizontalCursorBar: {fileID: 5763241790538900688}
  verticalCursorBar: {fileID: 4802599823253262583}
  settingsPanel: {fileID: 7782402636784199874}
  objectToActivate:
  - {fileID: 871464159258226623}
  - {fileID: 9090089041579641333}
  - {fileID: 4605431156178937350}
  - {fileID: 5284387988880202161}
--- !u!223 &3859122971864834278
Canvas:
  m_ObjectHideFlags: 0
  m_CorrespondingSourceObject: {fileID: 0}
  m_PrefabInstance: {fileID: 0}
  m_PrefabAsset: {fileID: 0}
  m_GameObject: {fileID: 2897176191043955267}
  m_Enabled: 0
  serializedVersion: 3
  m_RenderMode: 0
  m_Camera: {fileID: 0}
  m_PlaneDistance: 100
  m_PixelPerfect: 0
  m_ReceivesEvents: 1
  m_OverrideSorting: 0
  m_OverridePixelPerfect: 0
  m_SortingBucketNormalizedSize: 0
  m_AdditionalShaderChannelsFlag: 25
  m_SortingLayerID: 0
  m_SortingOrder: 0
  m_TargetDisplay: 0
--- !u!114 &98132820392924518
MonoBehaviour:
  m_ObjectHideFlags: 0
  m_CorrespondingSourceObject: {fileID: 0}
  m_PrefabInstance: {fileID: 0}
  m_PrefabAsset: {fileID: 0}
  m_GameObject: {fileID: 2897176191043955267}
  m_Enabled: 1
  m_EditorHideFlags: 0
  m_Script: {fileID: 11500000, guid: 0cd44c1031e13a943bb63640046fad76, type: 3}
  m_Name: 
  m_EditorClassIdentifier: 
  m_UiScaleMode: 1
  m_ReferencePixelsPerUnit: 100
  m_ScaleFactor: 1
  m_ReferenceResolution: {x: 1920, y: 1080}
  m_ScreenMatchMode: 0
  m_MatchWidthOrHeight: 0
  m_PhysicalUnit: 3
  m_FallbackScreenDPI: 96
  m_DefaultSpriteDPI: 96
  m_DynamicPixelsPerUnit: 1
  m_PresetInfoIsWorld: 0
--- !u!114 &7221013015803436775
MonoBehaviour:
  m_ObjectHideFlags: 0
  m_CorrespondingSourceObject: {fileID: 0}
  m_PrefabInstance: {fileID: 0}
  m_PrefabAsset: {fileID: 0}
  m_GameObject: {fileID: 2897176191043955267}
  m_Enabled: 1
  m_EditorHideFlags: 0
  m_Script: {fileID: 11500000, guid: dc42784cf147c0c48a680349fa168899, type: 3}
  m_Name: 
  m_EditorClassIdentifier: 
  m_IgnoreReversedGraphics: 1
  m_BlockingObjects: 0
  m_BlockingMask:
    serializedVersion: 2
    m_Bits: 4294967295
--- !u!1 &3203019867683118728
GameObject:
  m_ObjectHideFlags: 0
  m_CorrespondingSourceObject: {fileID: 0}
  m_PrefabInstance: {fileID: 0}
  m_PrefabAsset: {fileID: 0}
  serializedVersion: 6
  m_Component:
  - component: {fileID: 3100397505927705904}
  m_Layer: 0
  m_Name: Cursors
  m_TagString: Untagged
  m_Icon: {fileID: 0}
  m_NavMeshLayer: 0
  m_StaticEditorFlags: 0
  m_IsActive: 1
--- !u!224 &3100397505927705904
RectTransform:
  m_ObjectHideFlags: 0
  m_CorrespondingSourceObject: {fileID: 0}
  m_PrefabInstance: {fileID: 0}
  m_PrefabAsset: {fileID: 0}
  m_GameObject: {fileID: 3203019867683118728}
  m_LocalRotation: {x: 0, y: 0, z: 0, w: 1}
  m_LocalPosition: {x: 0, y: 0, z: 0}
  m_LocalScale: {x: 1, y: 1, z: 1}
  m_Children:
  - {fileID: 5763241790538900688}
  - {fileID: 4802599823253262583}
  m_Father: {fileID: 1287663378150782862}
  m_RootOrder: 3
  m_LocalEulerAnglesHint: {x: 0, y: 0, z: 0}
  m_AnchorMin: {x: 0.5, y: 0.5}
  m_AnchorMax: {x: 0.5, y: 0.5}
  m_AnchoredPosition: {x: 0, y: 0}
  m_SizeDelta: {x: 100, y: 100}
  m_Pivot: {x: 0.5, y: 0.5}
--- !u!1 &4605431156178937350
GameObject:
  m_ObjectHideFlags: 0
  m_CorrespondingSourceObject: {fileID: 0}
  m_PrefabInstance: {fileID: 0}
  m_PrefabAsset: {fileID: 0}
  serializedVersion: 6
  m_Component:
  - component: {fileID: 3602722482818979239}
  - component: {fileID: 8822306776856592091}
  - component: {fileID: 810703010679793654}
  - component: {fileID: 6196112962716462760}
  m_Layer: 0
  m_Name: SettingsButton
  m_TagString: MenuButtonPause
  m_Icon: {fileID: 0}
  m_NavMeshLayer: 0
  m_StaticEditorFlags: 0
  m_IsActive: 1
--- !u!224 &3602722482818979239
RectTransform:
  m_ObjectHideFlags: 0
  m_CorrespondingSourceObject: {fileID: 0}
  m_PrefabInstance: {fileID: 0}
  m_PrefabAsset: {fileID: 0}
  m_GameObject: {fileID: 4605431156178937350}
  m_LocalRotation: {x: 0, y: 0, z: 0, w: 1}
  m_LocalPosition: {x: 0, y: 0, z: 0}
  m_LocalScale: {x: 1, y: 1, z: 1}
  m_Children:
  - {fileID: 5148452734389381136}
  m_Father: {fileID: 1287663378150782862}
  m_RootOrder: 5
  m_LocalEulerAnglesHint: {x: 0, y: 0, z: 0}
  m_AnchorMin: {x: 0, y: 0.5}
  m_AnchorMax: {x: 1, y: 0.5}
  m_AnchoredPosition: {x: 0, y: -25}
  m_SizeDelta: {x: 0, y: 50}
  m_Pivot: {x: 0.5, y: 0.5}
--- !u!222 &8822306776856592091
CanvasRenderer:
  m_ObjectHideFlags: 0
  m_CorrespondingSourceObject: {fileID: 0}
  m_PrefabInstance: {fileID: 0}
  m_PrefabAsset: {fileID: 0}
  m_GameObject: {fileID: 4605431156178937350}
  m_CullTransparentMesh: 1
--- !u!114 &810703010679793654
MonoBehaviour:
  m_ObjectHideFlags: 0
  m_CorrespondingSourceObject: {fileID: 0}
  m_PrefabInstance: {fileID: 0}
  m_PrefabAsset: {fileID: 0}
  m_GameObject: {fileID: 4605431156178937350}
  m_Enabled: 1
  m_EditorHideFlags: 0
  m_Script: {fileID: 11500000, guid: fe87c0e1cc204ed48ad3b37840f39efc, type: 3}
  m_Name: 
  m_EditorClassIdentifier: 
  m_Material: {fileID: 0}
  m_Color: {r: 1, g: 1, b: 1, a: 0.39215687}
  m_RaycastTarget: 1
  m_RaycastPadding: {x: 0, y: 0, z: 0, w: 0}
  m_Maskable: 1
  m_OnCullStateChanged:
    m_PersistentCalls:
      m_Calls: []
  m_Sprite: {fileID: 21300000, guid: ef4c7ee10b8a5ff409b6ddf04146aa96, type: 3}
  m_Type: 0
  m_PreserveAspect: 0
  m_FillCenter: 1
  m_FillMethod: 4
  m_FillAmount: 1
  m_FillClockwise: 1
  m_FillOrigin: 0
  m_UseSpriteMesh: 0
  m_PixelsPerUnitMultiplier: 1
--- !u!114 &6196112962716462760
MonoBehaviour:
  m_ObjectHideFlags: 0
  m_CorrespondingSourceObject: {fileID: 0}
  m_PrefabInstance: {fileID: 0}
  m_PrefabAsset: {fileID: 0}
  m_GameObject: {fileID: 4605431156178937350}
  m_Enabled: 1
  m_EditorHideFlags: 0
  m_Script: {fileID: 11500000, guid: 4e29b1a8efbd4b44bb3f3716e73f07ff, type: 3}
  m_Name: 
  m_EditorClassIdentifier: 
  m_Navigation:
    m_Mode: 3
    m_WrapAround: 0
    m_SelectOnUp: {fileID: 0}
    m_SelectOnDown: {fileID: 0}
    m_SelectOnLeft: {fileID: 0}
    m_SelectOnRight: {fileID: 0}
  m_Transition: 1
  m_Colors:
    m_NormalColor: {r: 1, g: 1, b: 1, a: 0}
    m_HighlightedColor: {r: 0.9607843, g: 0.9607843, b: 0.9607843, a: 1}
    m_PressedColor: {r: 0.78431374, g: 0.78431374, b: 0.78431374, a: 1}
    m_SelectedColor: {r: 0.9607843, g: 0.9607843, b: 0.9607843, a: 1}
    m_DisabledColor: {r: 0.78431374, g: 0.78431374, b: 0.78431374, a: 0.5019608}
    m_ColorMultiplier: 1
    m_FadeDuration: 0.1
  m_SpriteState:
    m_HighlightedSprite: {fileID: 0}
    m_PressedSprite: {fileID: 0}
    m_SelectedSprite: {fileID: 0}
    m_DisabledSprite: {fileID: 0}
  m_AnimationTriggers:
    m_NormalTrigger: Normal
    m_HighlightedTrigger: Highlighted
    m_PressedTrigger: Pressed
    m_SelectedTrigger: Selected
    m_DisabledTrigger: Disabled
  m_Interactable: 1
  m_TargetGraphic: {fileID: 810703010679793654}
  m_OnClick:
    m_PersistentCalls:
      m_Calls:
      - m_Target: {fileID: 7782402636784199874}
        m_TargetAssemblyTypeName: UnityEngine.GameObject, UnityEngine
        m_MethodName: SetActive
        m_Mode: 6
        m_Arguments:
          m_ObjectArgument: {fileID: 0}
          m_ObjectArgumentAssemblyTypeName: UnityEngine.Object, UnityEngine
          m_IntArgument: 0
          m_FloatArgument: 0
          m_StringArgument: 
          m_BoolArgument: 1
        m_CallState: 2
      - m_Target: {fileID: 871464159258226623}
        m_TargetAssemblyTypeName: UnityEngine.GameObject, UnityEngine
        m_MethodName: SetActive
        m_Mode: 6
        m_Arguments:
          m_ObjectArgument: {fileID: 0}
          m_ObjectArgumentAssemblyTypeName: UnityEngine.Object, UnityEngine
          m_IntArgument: 0
          m_FloatArgument: 0
          m_StringArgument: 
          m_BoolArgument: 0
        m_CallState: 2
      - m_Target: {fileID: 9090089041579641333}
        m_TargetAssemblyTypeName: UnityEngine.GameObject, UnityEngine
        m_MethodName: SetActive
        m_Mode: 6
        m_Arguments:
          m_ObjectArgument: {fileID: 0}
          m_ObjectArgumentAssemblyTypeName: UnityEngine.Object, UnityEngine
          m_IntArgument: 0
          m_FloatArgument: 0
          m_StringArgument: 
          m_BoolArgument: 0
        m_CallState: 2
      - m_Target: {fileID: 4605431156178937350}
        m_TargetAssemblyTypeName: UnityEngine.GameObject, UnityEngine
        m_MethodName: SetActive
        m_Mode: 6
        m_Arguments:
          m_ObjectArgument: {fileID: 0}
          m_ObjectArgumentAssemblyTypeName: UnityEngine.Object, UnityEngine
          m_IntArgument: 0
          m_FloatArgument: 0
          m_StringArgument: 
          m_BoolArgument: 0
        m_CallState: 2
      - m_Target: {fileID: 5284387988880202161}
        m_TargetAssemblyTypeName: UnityEngine.GameObject, UnityEngine
        m_MethodName: SetActive
        m_Mode: 6
        m_Arguments:
          m_ObjectArgument: {fileID: 0}
          m_ObjectArgumentAssemblyTypeName: UnityEngine.Object, UnityEngine
          m_IntArgument: 0
          m_FloatArgument: 0
          m_StringArgument: 
          m_BoolArgument: 0
        m_CallState: 2
--- !u!1 &5284387988880202161
GameObject:
  m_ObjectHideFlags: 0
  m_CorrespondingSourceObject: {fileID: 0}
  m_PrefabInstance: {fileID: 0}
  m_PrefabAsset: {fileID: 0}
  serializedVersion: 6
  m_Component:
  - component: {fileID: 5401753324264619959}
  - component: {fileID: 2307195344193992530}
  - component: {fileID: 7239213293235783263}
  - component: {fileID: 361460145358864448}
  m_Layer: 0
  m_Name: ReturnLobbyButton
  m_TagString: MenuButtonPause
  m_Icon: {fileID: 0}
  m_NavMeshLayer: 0
  m_StaticEditorFlags: 0
  m_IsActive: 1
--- !u!224 &5401753324264619959
RectTransform:
  m_ObjectHideFlags: 0
  m_CorrespondingSourceObject: {fileID: 0}
  m_PrefabInstance: {fileID: 0}
  m_PrefabAsset: {fileID: 0}
  m_GameObject: {fileID: 5284387988880202161}
  m_LocalRotation: {x: 0, y: 0, z: 0, w: 1}
  m_LocalPosition: {x: 0, y: 0, z: 0}
  m_LocalScale: {x: 1, y: 1, z: 1}
  m_Children:
  - {fileID: 5634015574762039893}
  m_Father: {fileID: 1287663378150782862}
  m_RootOrder: 6
  m_LocalEulerAnglesHint: {x: 0, y: 0, z: 0}
  m_AnchorMin: {x: 0, y: 0.5}
  m_AnchorMax: {x: 1, y: 0.5}
  m_AnchoredPosition: {x: 0, y: -100}
  m_SizeDelta: {x: 0, y: 50}
  m_Pivot: {x: 0.5, y: 0.5}
--- !u!222 &2307195344193992530
CanvasRenderer:
  m_ObjectHideFlags: 0
  m_CorrespondingSourceObject: {fileID: 0}
  m_PrefabInstance: {fileID: 0}
  m_PrefabAsset: {fileID: 0}
  m_GameObject: {fileID: 5284387988880202161}
  m_CullTransparentMesh: 1
--- !u!114 &7239213293235783263
MonoBehaviour:
  m_ObjectHideFlags: 0
  m_CorrespondingSourceObject: {fileID: 0}
  m_PrefabInstance: {fileID: 0}
  m_PrefabAsset: {fileID: 0}
  m_GameObject: {fileID: 5284387988880202161}
  m_Enabled: 1
  m_EditorHideFlags: 0
  m_Script: {fileID: 11500000, guid: fe87c0e1cc204ed48ad3b37840f39efc, type: 3}
  m_Name: 
  m_EditorClassIdentifier: 
  m_Material: {fileID: 0}
  m_Color: {r: 1, g: 1, b: 1, a: 0.39215687}
  m_RaycastTarget: 1
  m_RaycastPadding: {x: 0, y: 0, z: 0, w: 0}
  m_Maskable: 1
  m_OnCullStateChanged:
    m_PersistentCalls:
      m_Calls: []
  m_Sprite: {fileID: 21300000, guid: ef4c7ee10b8a5ff409b6ddf04146aa96, type: 3}
  m_Type: 0
  m_PreserveAspect: 0
  m_FillCenter: 1
  m_FillMethod: 4
  m_FillAmount: 1
  m_FillClockwise: 1
  m_FillOrigin: 0
  m_UseSpriteMesh: 0
  m_PixelsPerUnitMultiplier: 1
--- !u!114 &361460145358864448
MonoBehaviour:
  m_ObjectHideFlags: 0
  m_CorrespondingSourceObject: {fileID: 0}
  m_PrefabInstance: {fileID: 0}
  m_PrefabAsset: {fileID: 0}
  m_GameObject: {fileID: 5284387988880202161}
  m_Enabled: 1
  m_EditorHideFlags: 0
  m_Script: {fileID: 11500000, guid: 4e29b1a8efbd4b44bb3f3716e73f07ff, type: 3}
  m_Name: 
  m_EditorClassIdentifier: 
  m_Navigation:
    m_Mode: 3
    m_WrapAround: 0
    m_SelectOnUp: {fileID: 0}
    m_SelectOnDown: {fileID: 0}
    m_SelectOnLeft: {fileID: 0}
    m_SelectOnRight: {fileID: 0}
  m_Transition: 1
  m_Colors:
    m_NormalColor: {r: 1, g: 1, b: 1, a: 0}
    m_HighlightedColor: {r: 0.9607843, g: 0.9607843, b: 0.9607843, a: 1}
    m_PressedColor: {r: 0.78431374, g: 0.78431374, b: 0.78431374, a: 1}
    m_SelectedColor: {r: 0.9607843, g: 0.9607843, b: 0.9607843, a: 1}
    m_DisabledColor: {r: 0.78431374, g: 0.78431374, b: 0.78431374, a: 0.5019608}
    m_ColorMultiplier: 1
    m_FadeDuration: 0.1
  m_SpriteState:
    m_HighlightedSprite: {fileID: 0}
    m_PressedSprite: {fileID: 0}
    m_SelectedSprite: {fileID: 0}
    m_DisabledSprite: {fileID: 0}
  m_AnimationTriggers:
    m_NormalTrigger: Normal
    m_HighlightedTrigger: Highlighted
    m_PressedTrigger: Pressed
    m_SelectedTrigger: Selected
    m_DisabledTrigger: Disabled
  m_Interactable: 1
  m_TargetGraphic: {fileID: 7239213293235783263}
  m_OnClick:
    m_PersistentCalls:
      m_Calls:
      - m_Target: {fileID: 7193445250070962797}
        m_TargetAssemblyTypeName: PauseMenuController, Assembly-CSharp
        m_MethodName: Exit
        m_Mode: 1
        m_Arguments:
          m_ObjectArgument: {fileID: 0}
          m_ObjectArgumentAssemblyTypeName: UnityEngine.Object, UnityEngine
          m_IntArgument: 0
          m_FloatArgument: 0
          m_StringArgument: 
          m_BoolArgument: 0
        m_CallState: 2
--- !u!1 &6323595965678657052
GameObject:
  m_ObjectHideFlags: 0
  m_CorrespondingSourceObject: {fileID: 0}
  m_PrefabInstance: {fileID: 0}
  m_PrefabAsset: {fileID: 0}
  serializedVersion: 6
  m_Component:
  - component: {fileID: 5148452734389381136}
  - component: {fileID: 4587007067907374132}
  - component: {fileID: 6868389762660617352}
  m_Layer: 0
  m_Name: Text
  m_TagString: Untagged
  m_Icon: {fileID: 0}
  m_NavMeshLayer: 0
  m_StaticEditorFlags: 0
  m_IsActive: 1
--- !u!224 &5148452734389381136
RectTransform:
  m_ObjectHideFlags: 0
  m_CorrespondingSourceObject: {fileID: 0}
  m_PrefabInstance: {fileID: 0}
  m_PrefabAsset: {fileID: 0}
  m_GameObject: {fileID: 6323595965678657052}
  m_LocalRotation: {x: -0, y: -0, z: -0, w: 1}
  m_LocalPosition: {x: 0, y: 0, z: 0}
  m_LocalScale: {x: 1, y: 1, z: 1}
  m_Children: []
  m_Father: {fileID: 3602722482818979239}
  m_RootOrder: 0
  m_LocalEulerAnglesHint: {x: 0, y: 0, z: 0}
  m_AnchorMin: {x: 0, y: 0}
  m_AnchorMax: {x: 1, y: 1}
  m_AnchoredPosition: {x: 125.00005, y: 0}
  m_SizeDelta: {x: -249.99988, y: 0}
  m_Pivot: {x: 0.5, y: 0.5}
--- !u!222 &4587007067907374132
CanvasRenderer:
  m_ObjectHideFlags: 0
  m_CorrespondingSourceObject: {fileID: 0}
  m_PrefabInstance: {fileID: 0}
  m_PrefabAsset: {fileID: 0}
  m_GameObject: {fileID: 6323595965678657052}
  m_CullTransparentMesh: 1
--- !u!114 &6868389762660617352
MonoBehaviour:
  m_ObjectHideFlags: 0
  m_CorrespondingSourceObject: {fileID: 0}
  m_PrefabInstance: {fileID: 0}
  m_PrefabAsset: {fileID: 0}
  m_GameObject: {fileID: 6323595965678657052}
  m_Enabled: 1
  m_EditorHideFlags: 0
  m_Script: {fileID: 11500000, guid: 5f7201a12d95ffc409449d95f23cf332, type: 3}
  m_Name: 
  m_EditorClassIdentifier: 
  m_Material: {fileID: 0}
  m_Color: {r: 0.9372549, g: 0.78431374, b: 0.3764706, a: 1}
  m_RaycastTarget: 1
  m_RaycastPadding: {x: 0, y: 0, z: 0, w: 0}
  m_Maskable: 1
  m_OnCullStateChanged:
    m_PersistentCalls:
      m_Calls: []
  m_FontData:
    m_Font: {fileID: 12800000, guid: d6c214a1716d31845a37728a55d5ea08, type: 3}
    m_FontSize: 40
    m_FontStyle: 0
    m_BestFit: 0
    m_MinSize: 4
    m_MaxSize: 40
    m_Alignment: 3
    m_AlignByGeometry: 0
    m_RichText: 1
    m_HorizontalOverflow: 0
    m_VerticalOverflow: 0
    m_LineSpacing: 1
  m_Text: SETTINGS
--- !u!1 &8593668509879111694
GameObject:
  m_ObjectHideFlags: 0
  m_CorrespondingSourceObject: {fileID: 0}
  m_PrefabInstance: {fileID: 0}
  m_PrefabAsset: {fileID: 0}
  serializedVersion: 6
  m_Component:
  - component: {fileID: 9090715466998531805}
  - component: {fileID: 754322002076853758}
  - component: {fileID: 6936076972432412857}
  m_Layer: 0
  m_Name: Text
  m_TagString: Untagged
  m_Icon: {fileID: 0}
  m_NavMeshLayer: 0
  m_StaticEditorFlags: 0
  m_IsActive: 1
--- !u!224 &9090715466998531805
RectTransform:
  m_ObjectHideFlags: 0
  m_CorrespondingSourceObject: {fileID: 0}
  m_PrefabInstance: {fileID: 0}
  m_PrefabAsset: {fileID: 0}
  m_GameObject: {fileID: 8593668509879111694}
  m_LocalRotation: {x: -0, y: -0, z: -0, w: 1}
  m_LocalPosition: {x: 0, y: 0, z: 0}
  m_LocalScale: {x: 1, y: 1, z: 1}
  m_Children: []
  m_Father: {fileID: 4201585875794873120}
  m_RootOrder: 0
  m_LocalEulerAnglesHint: {x: 0, y: 0, z: 0}
  m_AnchorMin: {x: 0, y: 0}
  m_AnchorMax: {x: 1, y: 1}
  m_AnchoredPosition: {x: 125.00005, y: 0}
  m_SizeDelta: {x: -249.99988, y: 0}
  m_Pivot: {x: 0.5, y: 0.5}
--- !u!222 &754322002076853758
CanvasRenderer:
  m_ObjectHideFlags: 0
  m_CorrespondingSourceObject: {fileID: 0}
  m_PrefabInstance: {fileID: 0}
  m_PrefabAsset: {fileID: 0}
  m_GameObject: {fileID: 8593668509879111694}
  m_CullTransparentMesh: 1
--- !u!114 &6936076972432412857
MonoBehaviour:
  m_ObjectHideFlags: 0
  m_CorrespondingSourceObject: {fileID: 0}
  m_PrefabInstance: {fileID: 0}
  m_PrefabAsset: {fileID: 0}
  m_GameObject: {fileID: 8593668509879111694}
  m_Enabled: 1
  m_EditorHideFlags: 0
  m_Script: {fileID: 11500000, guid: 5f7201a12d95ffc409449d95f23cf332, type: 3}
  m_Name: 
  m_EditorClassIdentifier: 
  m_Material: {fileID: 0}
  m_Color: {r: 0.9372549, g: 0.78431374, b: 0.3764706, a: 1}
  m_RaycastTarget: 1
  m_RaycastPadding: {x: 0, y: 0, z: 0, w: 0}
  m_Maskable: 1
  m_OnCullStateChanged:
    m_PersistentCalls:
      m_Calls: []
  m_FontData:
    m_Font: {fileID: 12800000, guid: d6c214a1716d31845a37728a55d5ea08, type: 3}
    m_FontSize: 40
    m_FontStyle: 0
    m_BestFit: 0
    m_MinSize: 4
    m_MaxSize: 40
    m_Alignment: 3
    m_AlignByGeometry: 0
    m_RichText: 1
    m_HorizontalOverflow: 0
    m_VerticalOverflow: 0
    m_LineSpacing: 1
  m_Text: RESUME GAME
--- !u!1 &9090089041579641333
GameObject:
  m_ObjectHideFlags: 0
  m_CorrespondingSourceObject: {fileID: 0}
  m_PrefabInstance: {fileID: 0}
  m_PrefabAsset: {fileID: 0}
  serializedVersion: 6
  m_Component:
  - component: {fileID: 4201585875794873120}
  - component: {fileID: 489647670883664632}
  - component: {fileID: 4440584634887995886}
  - component: {fileID: 8715363463270763907}
  m_Layer: 0
  m_Name: ResumeButton
  m_TagString: MenuButtonPause
  m_Icon: {fileID: 0}
  m_NavMeshLayer: 0
  m_StaticEditorFlags: 0
  m_IsActive: 1
--- !u!224 &4201585875794873120
RectTransform:
  m_ObjectHideFlags: 0
  m_CorrespondingSourceObject: {fileID: 0}
  m_PrefabInstance: {fileID: 0}
  m_PrefabAsset: {fileID: 0}
  m_GameObject: {fileID: 9090089041579641333}
  m_LocalRotation: {x: 0, y: 0, z: 0, w: 1}
  m_LocalPosition: {x: 0, y: 0, z: 0}
  m_LocalScale: {x: 1, y: 1, z: 1}
  m_Children:
  - {fileID: 9090715466998531805}
  m_Father: {fileID: 1287663378150782862}
  m_RootOrder: 4
  m_LocalEulerAnglesHint: {x: 0, y: 0, z: 0}
  m_AnchorMin: {x: 0, y: 0.5}
  m_AnchorMax: {x: 1, y: 0.5}
  m_AnchoredPosition: {x: 0, y: 50}
  m_SizeDelta: {x: 0, y: 50}
  m_Pivot: {x: 0.5, y: 0.5}
--- !u!222 &489647670883664632
CanvasRenderer:
  m_ObjectHideFlags: 0
  m_CorrespondingSourceObject: {fileID: 0}
  m_PrefabInstance: {fileID: 0}
  m_PrefabAsset: {fileID: 0}
  m_GameObject: {fileID: 9090089041579641333}
  m_CullTransparentMesh: 1
--- !u!114 &4440584634887995886
MonoBehaviour:
  m_ObjectHideFlags: 0
  m_CorrespondingSourceObject: {fileID: 0}
  m_PrefabInstance: {fileID: 0}
  m_PrefabAsset: {fileID: 0}
  m_GameObject: {fileID: 9090089041579641333}
  m_Enabled: 1
  m_EditorHideFlags: 0
  m_Script: {fileID: 11500000, guid: fe87c0e1cc204ed48ad3b37840f39efc, type: 3}
  m_Name: 
  m_EditorClassIdentifier: 
  m_Material: {fileID: 0}
  m_Color: {r: 1, g: 1, b: 1, a: 0.39215687}
  m_RaycastTarget: 1
  m_RaycastPadding: {x: 0, y: 0, z: 0, w: 0}
  m_Maskable: 1
  m_OnCullStateChanged:
    m_PersistentCalls:
      m_Calls: []
  m_Sprite: {fileID: 21300000, guid: ef4c7ee10b8a5ff409b6ddf04146aa96, type: 3}
  m_Type: 0
  m_PreserveAspect: 0
  m_FillCenter: 1
  m_FillMethod: 4
  m_FillAmount: 1
  m_FillClockwise: 1
  m_FillOrigin: 0
  m_UseSpriteMesh: 0
  m_PixelsPerUnitMultiplier: 1
--- !u!114 &8715363463270763907
MonoBehaviour:
  m_ObjectHideFlags: 0
  m_CorrespondingSourceObject: {fileID: 0}
  m_PrefabInstance: {fileID: 0}
  m_PrefabAsset: {fileID: 0}
  m_GameObject: {fileID: 9090089041579641333}
  m_Enabled: 1
  m_EditorHideFlags: 0
  m_Script: {fileID: 11500000, guid: 4e29b1a8efbd4b44bb3f3716e73f07ff, type: 3}
  m_Name: 
  m_EditorClassIdentifier: 
  m_Navigation:
    m_Mode: 3
    m_WrapAround: 0
    m_SelectOnUp: {fileID: 0}
    m_SelectOnDown: {fileID: 0}
    m_SelectOnLeft: {fileID: 0}
    m_SelectOnRight: {fileID: 0}
  m_Transition: 1
  m_Colors:
    m_NormalColor: {r: 1, g: 1, b: 1, a: 0}
    m_HighlightedColor: {r: 0.9607843, g: 0.9607843, b: 0.9607843, a: 1}
    m_PressedColor: {r: 0.78431374, g: 0.78431374, b: 0.78431374, a: 1}
    m_SelectedColor: {r: 0.9607843, g: 0.9607843, b: 0.9607843, a: 1}
    m_DisabledColor: {r: 0.78431374, g: 0.78431374, b: 0.78431374, a: 0.5019608}
    m_ColorMultiplier: 1
    m_FadeDuration: 0.1
  m_SpriteState:
    m_HighlightedSprite: {fileID: 0}
    m_PressedSprite: {fileID: 0}
    m_SelectedSprite: {fileID: 0}
    m_DisabledSprite: {fileID: 0}
  m_AnimationTriggers:
    m_NormalTrigger: Normal
    m_HighlightedTrigger: Highlighted
    m_PressedTrigger: Pressed
    m_SelectedTrigger: Selected
    m_DisabledTrigger: Disabled
  m_Interactable: 1
  m_TargetGraphic: {fileID: 4440584634887995886}
  m_OnClick:
    m_PersistentCalls:
      m_Calls:
      - m_Target: {fileID: 7193445250070962797}
        m_TargetAssemblyTypeName: PauseMenuController, Assembly-CSharp
        m_MethodName: Resume
        m_Mode: 1
        m_Arguments:
          m_ObjectArgument: {fileID: 0}
          m_ObjectArgumentAssemblyTypeName: UnityEngine.Object, UnityEngine
          m_IntArgument: 0
          m_FloatArgument: 0
          m_StringArgument: 
          m_BoolArgument: 0
        m_CallState: 2
--- !u!1001 &1158173448685801546
PrefabInstance:
  m_ObjectHideFlags: 0
  serializedVersion: 2
  m_Modification:
    m_TransformParent: {fileID: 3100397505927705904}
    m_Modifications:
    - target: {fileID: 6045780617195730075, guid: 9d76fd79c8c56df49913844d60ed4205, type: 3}
      propertyPath: m_Name
      value: Horizontal cursor bar
      objectReference: {fileID: 0}
    - target: {fileID: 6911210418236372122, guid: 9d76fd79c8c56df49913844d60ed4205, type: 3}
      propertyPath: m_Pivot.x
      value: 0.5
      objectReference: {fileID: 0}
    - target: {fileID: 6911210418236372122, guid: 9d76fd79c8c56df49913844d60ed4205, type: 3}
      propertyPath: m_Pivot.y
      value: 0.5
      objectReference: {fileID: 0}
    - target: {fileID: 6911210418236372122, guid: 9d76fd79c8c56df49913844d60ed4205, type: 3}
      propertyPath: m_RootOrder
      value: 0
      objectReference: {fileID: 0}
    - target: {fileID: 6911210418236372122, guid: 9d76fd79c8c56df49913844d60ed4205, type: 3}
      propertyPath: m_AnchorMax.x
      value: 1
      objectReference: {fileID: 0}
    - target: {fileID: 6911210418236372122, guid: 9d76fd79c8c56df49913844d60ed4205, type: 3}
      propertyPath: m_AnchorMax.y
      value: 0.5
      objectReference: {fileID: 0}
    - target: {fileID: 6911210418236372122, guid: 9d76fd79c8c56df49913844d60ed4205, type: 3}
      propertyPath: m_AnchorMin.x
      value: 0
      objectReference: {fileID: 0}
    - target: {fileID: 6911210418236372122, guid: 9d76fd79c8c56df49913844d60ed4205, type: 3}
      propertyPath: m_AnchorMin.y
      value: 0.5
      objectReference: {fileID: 0}
    - target: {fileID: 6911210418236372122, guid: 9d76fd79c8c56df49913844d60ed4205, type: 3}
      propertyPath: m_SizeDelta.x
      value: 1819.9999
      objectReference: {fileID: 0}
    - target: {fileID: 6911210418236372122, guid: 9d76fd79c8c56df49913844d60ed4205, type: 3}
      propertyPath: m_SizeDelta.y
      value: 2
      objectReference: {fileID: 0}
    - target: {fileID: 6911210418236372122, guid: 9d76fd79c8c56df49913844d60ed4205, type: 3}
      propertyPath: m_LocalPosition.x
      value: 0
      objectReference: {fileID: 0}
    - target: {fileID: 6911210418236372122, guid: 9d76fd79c8c56df49913844d60ed4205, type: 3}
      propertyPath: m_LocalPosition.y
      value: 0
      objectReference: {fileID: 0}
    - target: {fileID: 6911210418236372122, guid: 9d76fd79c8c56df49913844d60ed4205, type: 3}
      propertyPath: m_LocalPosition.z
      value: 0
      objectReference: {fileID: 0}
    - target: {fileID: 6911210418236372122, guid: 9d76fd79c8c56df49913844d60ed4205, type: 3}
      propertyPath: m_LocalRotation.w
      value: 1
      objectReference: {fileID: 0}
    - target: {fileID: 6911210418236372122, guid: 9d76fd79c8c56df49913844d60ed4205, type: 3}
      propertyPath: m_LocalRotation.x
      value: -0
      objectReference: {fileID: 0}
    - target: {fileID: 6911210418236372122, guid: 9d76fd79c8c56df49913844d60ed4205, type: 3}
      propertyPath: m_LocalRotation.y
      value: -0
      objectReference: {fileID: 0}
    - target: {fileID: 6911210418236372122, guid: 9d76fd79c8c56df49913844d60ed4205, type: 3}
      propertyPath: m_LocalRotation.z
      value: -0
      objectReference: {fileID: 0}
    - target: {fileID: 6911210418236372122, guid: 9d76fd79c8c56df49913844d60ed4205, type: 3}
      propertyPath: m_AnchoredPosition.x
      value: 0
      objectReference: {fileID: 0}
    - target: {fileID: 6911210418236372122, guid: 9d76fd79c8c56df49913844d60ed4205, type: 3}
      propertyPath: m_AnchoredPosition.y
      value: 0
      objectReference: {fileID: 0}
    - target: {fileID: 6911210418236372122, guid: 9d76fd79c8c56df49913844d60ed4205, type: 3}
      propertyPath: m_LocalEulerAnglesHint.x
      value: 0
      objectReference: {fileID: 0}
    - target: {fileID: 6911210418236372122, guid: 9d76fd79c8c56df49913844d60ed4205, type: 3}
      propertyPath: m_LocalEulerAnglesHint.y
      value: 0
      objectReference: {fileID: 0}
    - target: {fileID: 6911210418236372122, guid: 9d76fd79c8c56df49913844d60ed4205, type: 3}
      propertyPath: m_LocalEulerAnglesHint.z
      value: 0
      objectReference: {fileID: 0}
    m_RemovedComponents: []
  m_SourcePrefab: {fileID: 100100000, guid: 9d76fd79c8c56df49913844d60ed4205, type: 3}
--- !u!224 &5763241790538900688 stripped
RectTransform:
  m_CorrespondingSourceObject: {fileID: 6911210418236372122, guid: 9d76fd79c8c56df49913844d60ed4205, type: 3}
  m_PrefabInstance: {fileID: 1158173448685801546}
  m_PrefabAsset: {fileID: 0}
--- !u!1001 &1166062588471142328
PrefabInstance:
  m_ObjectHideFlags: 0
  serializedVersion: 2
  m_Modification:
    m_TransformParent: {fileID: 1287663378150782862}
    m_Modifications:
    - target: {fileID: 36607235085742525, guid: 421f4dcdd3624f240a0222603d0f0018, type: 3}
      propertyPath: m_IsActive
      value: 0
      objectReference: {fileID: 0}
    - target: {fileID: 1593026540712603632, guid: 421f4dcdd3624f240a0222603d0f0018, type: 3}
      propertyPath: m_IsActive
      value: 0
      objectReference: {fileID: 0}
    - target: {fileID: 2033023070689806343, guid: 421f4dcdd3624f240a0222603d0f0018, type: 3}
      propertyPath: m_Name
      value: Cadre
      objectReference: {fileID: 0}
    - target: {fileID: 2033023070689806343, guid: 421f4dcdd3624f240a0222603d0f0018, type: 3}
      propertyPath: m_TagString
      value: MenuButtonPause
      objectReference: {fileID: 0}
    - target: {fileID: 3906681709530024772, guid: 421f4dcdd3624f240a0222603d0f0018, type: 3}
      propertyPath: m_Name
      value: TopPauseGroup
      objectReference: {fileID: 0}
    - target: {fileID: 4071127891744655546, guid: 421f4dcdd3624f240a0222603d0f0018, type: 3}
      propertyPath: m_IsActive
      value: 0
      objectReference: {fileID: 0}
    - target: {fileID: 5843271559199227849, guid: 421f4dcdd3624f240a0222603d0f0018, type: 3}
      propertyPath: m_Pivot.x
      value: 0.5
      objectReference: {fileID: 0}
    - target: {fileID: 5843271559199227849, guid: 421f4dcdd3624f240a0222603d0f0018, type: 3}
      propertyPath: m_Pivot.y
      value: 0.5
      objectReference: {fileID: 0}
    - target: {fileID: 5843271559199227849, guid: 421f4dcdd3624f240a0222603d0f0018, type: 3}
      propertyPath: m_RootOrder
      value: 2
      objectReference: {fileID: 0}
    - target: {fileID: 5843271559199227849, guid: 421f4dcdd3624f240a0222603d0f0018, type: 3}
      propertyPath: m_AnchorMax.x
      value: 0.5
      objectReference: {fileID: 0}
    - target: {fileID: 5843271559199227849, guid: 421f4dcdd3624f240a0222603d0f0018, type: 3}
      propertyPath: m_AnchorMax.y
      value: 0.5
      objectReference: {fileID: 0}
    - target: {fileID: 5843271559199227849, guid: 421f4dcdd3624f240a0222603d0f0018, type: 3}
      propertyPath: m_AnchorMin.x
      value: 0.5
      objectReference: {fileID: 0}
    - target: {fileID: 5843271559199227849, guid: 421f4dcdd3624f240a0222603d0f0018, type: 3}
      propertyPath: m_AnchorMin.y
      value: 0.5
      objectReference: {fileID: 0}
    - target: {fileID: 5843271559199227849, guid: 421f4dcdd3624f240a0222603d0f0018, type: 3}
      propertyPath: m_SizeDelta.x
      value: 1620
      objectReference: {fileID: 0}
    - target: {fileID: 5843271559199227849, guid: 421f4dcdd3624f240a0222603d0f0018, type: 3}
      propertyPath: m_SizeDelta.y
      value: 840
      objectReference: {fileID: 0}
    - target: {fileID: 5843271559199227849, guid: 421f4dcdd3624f240a0222603d0f0018, type: 3}
      propertyPath: m_LocalPosition.x
      value: 0
      objectReference: {fileID: 0}
    - target: {fileID: 5843271559199227849, guid: 421f4dcdd3624f240a0222603d0f0018, type: 3}
      propertyPath: m_LocalPosition.y
      value: 0
      objectReference: {fileID: 0}
    - target: {fileID: 5843271559199227849, guid: 421f4dcdd3624f240a0222603d0f0018, type: 3}
      propertyPath: m_LocalPosition.z
      value: 0
      objectReference: {fileID: 0}
    - target: {fileID: 5843271559199227849, guid: 421f4dcdd3624f240a0222603d0f0018, type: 3}
      propertyPath: m_LocalRotation.w
      value: 1
      objectReference: {fileID: 0}
    - target: {fileID: 5843271559199227849, guid: 421f4dcdd3624f240a0222603d0f0018, type: 3}
      propertyPath: m_LocalRotation.x
      value: 0
      objectReference: {fileID: 0}
    - target: {fileID: 5843271559199227849, guid: 421f4dcdd3624f240a0222603d0f0018, type: 3}
      propertyPath: m_LocalRotation.y
      value: 0
      objectReference: {fileID: 0}
    - target: {fileID: 5843271559199227849, guid: 421f4dcdd3624f240a0222603d0f0018, type: 3}
      propertyPath: m_LocalRotation.z
      value: 0
      objectReference: {fileID: 0}
    - target: {fileID: 5843271559199227849, guid: 421f4dcdd3624f240a0222603d0f0018, type: 3}
      propertyPath: m_AnchoredPosition.x
      value: 0
      objectReference: {fileID: 0}
    - target: {fileID: 5843271559199227849, guid: 421f4dcdd3624f240a0222603d0f0018, type: 3}
      propertyPath: m_AnchoredPosition.y
      value: 0
      objectReference: {fileID: 0}
    - target: {fileID: 5843271559199227849, guid: 421f4dcdd3624f240a0222603d0f0018, type: 3}
      propertyPath: m_LocalEulerAnglesHint.x
      value: 0
      objectReference: {fileID: 0}
    - target: {fileID: 5843271559199227849, guid: 421f4dcdd3624f240a0222603d0f0018, type: 3}
      propertyPath: m_LocalEulerAnglesHint.y
      value: 0
      objectReference: {fileID: 0}
    - target: {fileID: 5843271559199227849, guid: 421f4dcdd3624f240a0222603d0f0018, type: 3}
      propertyPath: m_LocalEulerAnglesHint.z
      value: 0
      objectReference: {fileID: 0}
    - target: {fileID: 6713587649064380703, guid: 421f4dcdd3624f240a0222603d0f0018, type: 3}
      propertyPath: m_SizeDelta.y
      value: 80
      objectReference: {fileID: 0}
    - target: {fileID: 8698229272777449753, guid: 421f4dcdd3624f240a0222603d0f0018, type: 3}
      propertyPath: m_Name
      value: Pause
      objectReference: {fileID: 0}
    - target: {fileID: 8831521747541594998, guid: 421f4dcdd3624f240a0222603d0f0018, type: 3}
      propertyPath: m_Text
      value: PAUSE
      objectReference: {fileID: 0}
    - target: {fileID: 8831521747541594998, guid: 421f4dcdd3624f240a0222603d0f0018, type: 3}
      propertyPath: m_FontData.m_FontSize
      value: 50
      objectReference: {fileID: 0}
    m_RemovedComponents: []
  m_SourcePrefab: {fileID: 100100000, guid: 421f4dcdd3624f240a0222603d0f0018, type: 3}
--- !u!224 &4700024326748346481 stripped
RectTransform:
  m_CorrespondingSourceObject: {fileID: 5843271559199227849, guid: 421f4dcdd3624f240a0222603d0f0018, type: 3}
  m_PrefabInstance: {fileID: 1166062588471142328}
  m_PrefabAsset: {fileID: 0}
--- !u!1 &871464159258226623 stripped
GameObject:
  m_CorrespondingSourceObject: {fileID: 2033023070689806343, guid: 421f4dcdd3624f240a0222603d0f0018, type: 3}
  m_PrefabInstance: {fileID: 1166062588471142328}
  m_PrefabAsset: {fileID: 0}
--- !u!1001 &1249476850902086357
PrefabInstance:
  m_ObjectHideFlags: 0
  serializedVersion: 2
  m_Modification:
    m_TransformParent: {fileID: 3100397505927705904}
    m_Modifications:
    - target: {fileID: 6048698836556898850, guid: 00a4f0359bbfcd548a7c3f0eec65127d, type: 3}
      propertyPath: m_Pivot.x
      value: 0.5
      objectReference: {fileID: 0}
    - target: {fileID: 6048698836556898850, guid: 00a4f0359bbfcd548a7c3f0eec65127d, type: 3}
      propertyPath: m_Pivot.y
      value: 0.5
      objectReference: {fileID: 0}
    - target: {fileID: 6048698836556898850, guid: 00a4f0359bbfcd548a7c3f0eec65127d, type: 3}
      propertyPath: m_RootOrder
      value: 1
      objectReference: {fileID: 0}
    - target: {fileID: 6048698836556898850, guid: 00a4f0359bbfcd548a7c3f0eec65127d, type: 3}
      propertyPath: m_AnchorMax.x
      value: 0.5
      objectReference: {fileID: 0}
    - target: {fileID: 6048698836556898850, guid: 00a4f0359bbfcd548a7c3f0eec65127d, type: 3}
      propertyPath: m_AnchorMax.y
      value: 1
      objectReference: {fileID: 0}
    - target: {fileID: 6048698836556898850, guid: 00a4f0359bbfcd548a7c3f0eec65127d, type: 3}
      propertyPath: m_AnchorMin.x
      value: 0.5
      objectReference: {fileID: 0}
    - target: {fileID: 6048698836556898850, guid: 00a4f0359bbfcd548a7c3f0eec65127d, type: 3}
      propertyPath: m_AnchorMin.y
      value: 0
      objectReference: {fileID: 0}
    - target: {fileID: 6048698836556898850, guid: 00a4f0359bbfcd548a7c3f0eec65127d, type: 3}
      propertyPath: m_SizeDelta.x
      value: 2
      objectReference: {fileID: 0}
    - target: {fileID: 6048698836556898850, guid: 00a4f0359bbfcd548a7c3f0eec65127d, type: 3}
      propertyPath: m_SizeDelta.y
      value: 980.3342
      objectReference: {fileID: 0}
    - target: {fileID: 6048698836556898850, guid: 00a4f0359bbfcd548a7c3f0eec65127d, type: 3}
      propertyPath: m_LocalPosition.x
      value: 0
      objectReference: {fileID: 0}
    - target: {fileID: 6048698836556898850, guid: 00a4f0359bbfcd548a7c3f0eec65127d, type: 3}
      propertyPath: m_LocalPosition.y
      value: 0
      objectReference: {fileID: 0}
    - target: {fileID: 6048698836556898850, guid: 00a4f0359bbfcd548a7c3f0eec65127d, type: 3}
      propertyPath: m_LocalPosition.z
      value: 0
      objectReference: {fileID: 0}
    - target: {fileID: 6048698836556898850, guid: 00a4f0359bbfcd548a7c3f0eec65127d, type: 3}
      propertyPath: m_LocalRotation.w
      value: 1
      objectReference: {fileID: 0}
    - target: {fileID: 6048698836556898850, guid: 00a4f0359bbfcd548a7c3f0eec65127d, type: 3}
      propertyPath: m_LocalRotation.x
      value: -0
      objectReference: {fileID: 0}
    - target: {fileID: 6048698836556898850, guid: 00a4f0359bbfcd548a7c3f0eec65127d, type: 3}
      propertyPath: m_LocalRotation.y
      value: -0
      objectReference: {fileID: 0}
    - target: {fileID: 6048698836556898850, guid: 00a4f0359bbfcd548a7c3f0eec65127d, type: 3}
      propertyPath: m_LocalRotation.z
      value: -0
      objectReference: {fileID: 0}
    - target: {fileID: 6048698836556898850, guid: 00a4f0359bbfcd548a7c3f0eec65127d, type: 3}
      propertyPath: m_AnchoredPosition.x
      value: -590.07
      objectReference: {fileID: 0}
    - target: {fileID: 6048698836556898850, guid: 00a4f0359bbfcd548a7c3f0eec65127d, type: 3}
      propertyPath: m_AnchoredPosition.y
      value: 0
      objectReference: {fileID: 0}
    - target: {fileID: 6048698836556898850, guid: 00a4f0359bbfcd548a7c3f0eec65127d, type: 3}
      propertyPath: m_LocalEulerAnglesHint.x
      value: 0
      objectReference: {fileID: 0}
    - target: {fileID: 6048698836556898850, guid: 00a4f0359bbfcd548a7c3f0eec65127d, type: 3}
      propertyPath: m_LocalEulerAnglesHint.y
      value: 0
      objectReference: {fileID: 0}
    - target: {fileID: 6048698836556898850, guid: 00a4f0359bbfcd548a7c3f0eec65127d, type: 3}
      propertyPath: m_LocalEulerAnglesHint.z
      value: 0
      objectReference: {fileID: 0}
    - target: {fileID: 6850608509078894411, guid: 00a4f0359bbfcd548a7c3f0eec65127d, type: 3}
      propertyPath: m_Name
      value: Vertical cursor bar
      objectReference: {fileID: 0}
    m_RemovedComponents: []
  m_SourcePrefab: {fileID: 100100000, guid: 00a4f0359bbfcd548a7c3f0eec65127d, type: 3}
--- !u!224 &4802599823253262583 stripped
RectTransform:
  m_CorrespondingSourceObject: {fileID: 6048698836556898850, guid: 00a4f0359bbfcd548a7c3f0eec65127d, type: 3}
  m_PrefabInstance: {fileID: 1249476850902086357}
  m_PrefabAsset: {fileID: 0}
--- !u!1001 &2447580128050017338
PrefabInstance:
  m_ObjectHideFlags: 0
  serializedVersion: 2
  m_Modification:
    m_TransformParent: {fileID: 1287663378150782862}
    m_Modifications:
    - target: {fileID: 1805662388232558130, guid: 0665b5fc74cc4af40917333bc0299fa8, type: 3}
      propertyPath: m_Name
      value: Background
      objectReference: {fileID: 0}
    - target: {fileID: 1805662388232558131, guid: 0665b5fc74cc4af40917333bc0299fa8, type: 3}
      propertyPath: m_Pivot.x
      value: 0.5
      objectReference: {fileID: 0}
    - target: {fileID: 1805662388232558131, guid: 0665b5fc74cc4af40917333bc0299fa8, type: 3}
      propertyPath: m_Pivot.y
      value: 0.5
      objectReference: {fileID: 0}
    - target: {fileID: 1805662388232558131, guid: 0665b5fc74cc4af40917333bc0299fa8, type: 3}
      propertyPath: m_RootOrder
      value: 0
      objectReference: {fileID: 0}
    - target: {fileID: 1805662388232558131, guid: 0665b5fc74cc4af40917333bc0299fa8, type: 3}
      propertyPath: m_AnchorMax.x
      value: 1
      objectReference: {fileID: 0}
    - target: {fileID: 1805662388232558131, guid: 0665b5fc74cc4af40917333bc0299fa8, type: 3}
      propertyPath: m_AnchorMax.y
      value: 1
      objectReference: {fileID: 0}
    - target: {fileID: 1805662388232558131, guid: 0665b5fc74cc4af40917333bc0299fa8, type: 3}
      propertyPath: m_AnchorMin.x
      value: 0
      objectReference: {fileID: 0}
    - target: {fileID: 1805662388232558131, guid: 0665b5fc74cc4af40917333bc0299fa8, type: 3}
      propertyPath: m_AnchorMin.y
      value: 0
      objectReference: {fileID: 0}
    - target: {fileID: 1805662388232558131, guid: 0665b5fc74cc4af40917333bc0299fa8, type: 3}
      propertyPath: m_SizeDelta.x
      value: 0
      objectReference: {fileID: 0}
    - target: {fileID: 1805662388232558131, guid: 0665b5fc74cc4af40917333bc0299fa8, type: 3}
      propertyPath: m_SizeDelta.y
      value: 0
      objectReference: {fileID: 0}
    - target: {fileID: 1805662388232558131, guid: 0665b5fc74cc4af40917333bc0299fa8, type: 3}
      propertyPath: m_LocalPosition.x
      value: 0
      objectReference: {fileID: 0}
    - target: {fileID: 1805662388232558131, guid: 0665b5fc74cc4af40917333bc0299fa8, type: 3}
      propertyPath: m_LocalPosition.y
      value: 0
      objectReference: {fileID: 0}
    - target: {fileID: 1805662388232558131, guid: 0665b5fc74cc4af40917333bc0299fa8, type: 3}
      propertyPath: m_LocalPosition.z
      value: 0
      objectReference: {fileID: 0}
    - target: {fileID: 1805662388232558131, guid: 0665b5fc74cc4af40917333bc0299fa8, type: 3}
      propertyPath: m_LocalRotation.w
      value: 1
      objectReference: {fileID: 0}
    - target: {fileID: 1805662388232558131, guid: 0665b5fc74cc4af40917333bc0299fa8, type: 3}
      propertyPath: m_LocalRotation.x
      value: 0
      objectReference: {fileID: 0}
    - target: {fileID: 1805662388232558131, guid: 0665b5fc74cc4af40917333bc0299fa8, type: 3}
      propertyPath: m_LocalRotation.y
      value: 0
      objectReference: {fileID: 0}
    - target: {fileID: 1805662388232558131, guid: 0665b5fc74cc4af40917333bc0299fa8, type: 3}
      propertyPath: m_LocalRotation.z
      value: 0
      objectReference: {fileID: 0}
    - target: {fileID: 1805662388232558131, guid: 0665b5fc74cc4af40917333bc0299fa8, type: 3}
      propertyPath: m_AnchoredPosition.x
      value: 0
      objectReference: {fileID: 0}
    - target: {fileID: 1805662388232558131, guid: 0665b5fc74cc4af40917333bc0299fa8, type: 3}
      propertyPath: m_AnchoredPosition.y
      value: 0
      objectReference: {fileID: 0}
    - target: {fileID: 1805662388232558131, guid: 0665b5fc74cc4af40917333bc0299fa8, type: 3}
      propertyPath: m_LocalEulerAnglesHint.x
      value: 0
      objectReference: {fileID: 0}
    - target: {fileID: 1805662388232558131, guid: 0665b5fc74cc4af40917333bc0299fa8, type: 3}
      propertyPath: m_LocalEulerAnglesHint.y
      value: 0
      objectReference: {fileID: 0}
    - target: {fileID: 1805662388232558131, guid: 0665b5fc74cc4af40917333bc0299fa8, type: 3}
      propertyPath: m_LocalEulerAnglesHint.z
      value: 0
      objectReference: {fileID: 0}
    m_RemovedComponents: []
  m_SourcePrefab: {fileID: 100100000, guid: 0665b5fc74cc4af40917333bc0299fa8, type: 3}
--- !u!224 &4105186403029836297 stripped
RectTransform:
  m_CorrespondingSourceObject: {fileID: 1805662388232558131, guid: 0665b5fc74cc4af40917333bc0299fa8, type: 3}
  m_PrefabInstance: {fileID: 2447580128050017338}
  m_PrefabAsset: {fileID: 0}
--- !u!1001 &2736890823784640663
PrefabInstance:
  m_ObjectHideFlags: 0
  serializedVersion: 2
  m_Modification:
    m_TransformParent: {fileID: 1287663378150782862}
    m_Modifications:
    - target: {fileID: 827541470704787693, guid: 941580a483c9a35469d5c406a20348a8, type: 3}
      propertyPath: m_Name
      value: LogoGroup
      objectReference: {fileID: 0}
    - target: {fileID: 8462119462071199893, guid: 941580a483c9a35469d5c406a20348a8, type: 3}
      propertyPath: m_Pivot.x
      value: 0
      objectReference: {fileID: 0}
    - target: {fileID: 8462119462071199893, guid: 941580a483c9a35469d5c406a20348a8, type: 3}
      propertyPath: m_Pivot.y
      value: 1
      objectReference: {fileID: 0}
    - target: {fileID: 8462119462071199893, guid: 941580a483c9a35469d5c406a20348a8, type: 3}
      propertyPath: m_RootOrder
      value: 1
      objectReference: {fileID: 0}
    - target: {fileID: 8462119462071199893, guid: 941580a483c9a35469d5c406a20348a8, type: 3}
      propertyPath: m_AnchorMax.x
      value: 0
      objectReference: {fileID: 0}
    - target: {fileID: 8462119462071199893, guid: 941580a483c9a35469d5c406a20348a8, type: 3}
      propertyPath: m_AnchorMax.y
      value: 1
      objectReference: {fileID: 0}
    - target: {fileID: 8462119462071199893, guid: 941580a483c9a35469d5c406a20348a8, type: 3}
      propertyPath: m_AnchorMin.x
      value: 0
      objectReference: {fileID: 0}
    - target: {fileID: 8462119462071199893, guid: 941580a483c9a35469d5c406a20348a8, type: 3}
      propertyPath: m_AnchorMin.y
      value: 1
      objectReference: {fileID: 0}
    - target: {fileID: 8462119462071199893, guid: 941580a483c9a35469d5c406a20348a8, type: 3}
      propertyPath: m_SizeDelta.x
      value: 348.1732
      objectReference: {fileID: 0}
    - target: {fileID: 8462119462071199893, guid: 941580a483c9a35469d5c406a20348a8, type: 3}
      propertyPath: m_SizeDelta.y
      value: 120.05
      objectReference: {fileID: 0}
    - target: {fileID: 8462119462071199893, guid: 941580a483c9a35469d5c406a20348a8, type: 3}
      propertyPath: m_LocalPosition.x
      value: 0
      objectReference: {fileID: 0}
    - target: {fileID: 8462119462071199893, guid: 941580a483c9a35469d5c406a20348a8, type: 3}
      propertyPath: m_LocalPosition.y
      value: 0
      objectReference: {fileID: 0}
    - target: {fileID: 8462119462071199893, guid: 941580a483c9a35469d5c406a20348a8, type: 3}
      propertyPath: m_LocalPosition.z
      value: 0
      objectReference: {fileID: 0}
    - target: {fileID: 8462119462071199893, guid: 941580a483c9a35469d5c406a20348a8, type: 3}
      propertyPath: m_LocalRotation.w
      value: 1
      objectReference: {fileID: 0}
    - target: {fileID: 8462119462071199893, guid: 941580a483c9a35469d5c406a20348a8, type: 3}
      propertyPath: m_LocalRotation.x
      value: 0
      objectReference: {fileID: 0}
    - target: {fileID: 8462119462071199893, guid: 941580a483c9a35469d5c406a20348a8, type: 3}
      propertyPath: m_LocalRotation.y
      value: 0
      objectReference: {fileID: 0}
    - target: {fileID: 8462119462071199893, guid: 941580a483c9a35469d5c406a20348a8, type: 3}
      propertyPath: m_LocalRotation.z
      value: 0
      objectReference: {fileID: 0}
    - target: {fileID: 8462119462071199893, guid: 941580a483c9a35469d5c406a20348a8, type: 3}
      propertyPath: m_AnchoredPosition.x
      value: 0
      objectReference: {fileID: 0}
    - target: {fileID: 8462119462071199893, guid: 941580a483c9a35469d5c406a20348a8, type: 3}
      propertyPath: m_AnchoredPosition.y
      value: 0
      objectReference: {fileID: 0}
    - target: {fileID: 8462119462071199893, guid: 941580a483c9a35469d5c406a20348a8, type: 3}
      propertyPath: m_LocalEulerAnglesHint.x
      value: 0
      objectReference: {fileID: 0}
    - target: {fileID: 8462119462071199893, guid: 941580a483c9a35469d5c406a20348a8, type: 3}
      propertyPath: m_LocalEulerAnglesHint.y
      value: 0
      objectReference: {fileID: 0}
    - target: {fileID: 8462119462071199893, guid: 941580a483c9a35469d5c406a20348a8, type: 3}
      propertyPath: m_LocalEulerAnglesHint.z
      value: 0
      objectReference: {fileID: 0}
    m_RemovedComponents: []
  m_SourcePrefab: {fileID: 100100000, guid: 941580a483c9a35469d5c406a20348a8, type: 3}
--- !u!224 &5806300338694248450 stripped
RectTransform:
  m_CorrespondingSourceObject: {fileID: 8462119462071199893, guid: 941580a483c9a35469d5c406a20348a8, type: 3}
  m_PrefabInstance: {fileID: 2736890823784640663}
  m_PrefabAsset: {fileID: 0}
--- !u!1001 &7743198027662365387
PrefabInstance:
  m_ObjectHideFlags: 0
  serializedVersion: 2
  m_Modification:
    m_TransformParent: {fileID: 1287663378150782862}
    m_Modifications:
    - target: {fileID: 401818638558215547, guid: b622731a284de7e4cbe492b06c0cf147, type: 3}
      propertyPath: m_AnchorMax.y
      value: 1
      objectReference: {fileID: 0}
    - target: {fileID: 537608837323553288, guid: b622731a284de7e4cbe492b06c0cf147, type: 3}
      propertyPath: m_Pivot.x
      value: 0.5
      objectReference: {fileID: 0}
    - target: {fileID: 537608837323553288, guid: b622731a284de7e4cbe492b06c0cf147, type: 3}
      propertyPath: m_Pivot.y
      value: 0.5
      objectReference: {fileID: 0}
    - target: {fileID: 537608837323553288, guid: b622731a284de7e4cbe492b06c0cf147, type: 3}
      propertyPath: m_RootOrder
      value: 7
      objectReference: {fileID: 0}
    - target: {fileID: 537608837323553288, guid: b622731a284de7e4cbe492b06c0cf147, type: 3}
      propertyPath: m_AnchorMax.x
      value: 1
      objectReference: {fileID: 0}
    - target: {fileID: 537608837323553288, guid: b622731a284de7e4cbe492b06c0cf147, type: 3}
      propertyPath: m_AnchorMax.y
      value: 1
      objectReference: {fileID: 0}
    - target: {fileID: 537608837323553288, guid: b622731a284de7e4cbe492b06c0cf147, type: 3}
      propertyPath: m_AnchorMin.x
      value: 0
      objectReference: {fileID: 0}
    - target: {fileID: 537608837323553288, guid: b622731a284de7e4cbe492b06c0cf147, type: 3}
      propertyPath: m_AnchorMin.y
      value: 0
      objectReference: {fileID: 0}
    - target: {fileID: 537608837323553288, guid: b622731a284de7e4cbe492b06c0cf147, type: 3}
      propertyPath: m_SizeDelta.x
      value: 0
      objectReference: {fileID: 0}
    - target: {fileID: 537608837323553288, guid: b622731a284de7e4cbe492b06c0cf147, type: 3}
      propertyPath: m_SizeDelta.y
      value: 0
      objectReference: {fileID: 0}
    - target: {fileID: 537608837323553288, guid: b622731a284de7e4cbe492b06c0cf147, type: 3}
      propertyPath: m_LocalPosition.x
      value: 0
      objectReference: {fileID: 0}
    - target: {fileID: 537608837323553288, guid: b622731a284de7e4cbe492b06c0cf147, type: 3}
      propertyPath: m_LocalPosition.y
      value: 0
      objectReference: {fileID: 0}
    - target: {fileID: 537608837323553288, guid: b622731a284de7e4cbe492b06c0cf147, type: 3}
      propertyPath: m_LocalPosition.z
      value: 0
      objectReference: {fileID: 0}
    - target: {fileID: 537608837323553288, guid: b622731a284de7e4cbe492b06c0cf147, type: 3}
      propertyPath: m_LocalRotation.w
      value: 1
      objectReference: {fileID: 0}
    - target: {fileID: 537608837323553288, guid: b622731a284de7e4cbe492b06c0cf147, type: 3}
      propertyPath: m_LocalRotation.x
      value: 0
      objectReference: {fileID: 0}
    - target: {fileID: 537608837323553288, guid: b622731a284de7e4cbe492b06c0cf147, type: 3}
      propertyPath: m_LocalRotation.y
      value: 0
      objectReference: {fileID: 0}
    - target: {fileID: 537608837323553288, guid: b622731a284de7e4cbe492b06c0cf147, type: 3}
      propertyPath: m_LocalRotation.z
      value: 0
      objectReference: {fileID: 0}
    - target: {fileID: 537608837323553288, guid: b622731a284de7e4cbe492b06c0cf147, type: 3}
      propertyPath: m_AnchoredPosition.x
      value: 0
      objectReference: {fileID: 0}
    - target: {fileID: 537608837323553288, guid: b622731a284de7e4cbe492b06c0cf147, type: 3}
      propertyPath: m_AnchoredPosition.y
      value: 0
      objectReference: {fileID: 0}
    - target: {fileID: 537608837323553288, guid: b622731a284de7e4cbe492b06c0cf147, type: 3}
      propertyPath: m_LocalEulerAnglesHint.x
      value: 0
      objectReference: {fileID: 0}
    - target: {fileID: 537608837323553288, guid: b622731a284de7e4cbe492b06c0cf147, type: 3}
      propertyPath: m_LocalEulerAnglesHint.y
      value: 0
      objectReference: {fileID: 0}
    - target: {fileID: 537608837323553288, guid: b622731a284de7e4cbe492b06c0cf147, type: 3}
      propertyPath: m_LocalEulerAnglesHint.z
      value: 0
      objectReference: {fileID: 0}
    - target: {fileID: 537608837323553289, guid: b622731a284de7e4cbe492b06c0cf147, type: 3}
      propertyPath: m_Name
      value: SettingsPanel
      objectReference: {fileID: 0}
    - target: {fileID: 537608837323553289, guid: b622731a284de7e4cbe492b06c0cf147, type: 3}
      propertyPath: m_IsActive
      value: 0
      objectReference: {fileID: 0}
    - target: {fileID: 537608837356859657, guid: b622731a284de7e4cbe492b06c0cf147, type: 3}
      propertyPath: m_OnClick.m_PersistentCalls.m_Calls.Array.size
      value: 5
      objectReference: {fileID: 0}
    - target: {fileID: 537608837356859657, guid: b622731a284de7e4cbe492b06c0cf147, type: 3}
      propertyPath: m_OnClick.m_PersistentCalls.m_Calls.Array.data[0].m_Mode
      value: 6
      objectReference: {fileID: 0}
    - target: {fileID: 537608837356859657, guid: b622731a284de7e4cbe492b06c0cf147, type: 3}
      propertyPath: m_OnClick.m_PersistentCalls.m_Calls.Array.data[1].m_Mode
      value: 6
      objectReference: {fileID: 0}
    - target: {fileID: 537608837356859657, guid: b622731a284de7e4cbe492b06c0cf147, type: 3}
      propertyPath: m_OnClick.m_PersistentCalls.m_Calls.Array.data[2].m_Mode
      value: 6
      objectReference: {fileID: 0}
    - target: {fileID: 537608837356859657, guid: b622731a284de7e4cbe492b06c0cf147, type: 3}
      propertyPath: m_OnClick.m_PersistentCalls.m_Calls.Array.data[3].m_Mode
      value: 6
      objectReference: {fileID: 0}
    - target: {fileID: 537608837356859657, guid: b622731a284de7e4cbe492b06c0cf147, type: 3}
      propertyPath: m_OnClick.m_PersistentCalls.m_Calls.Array.data[4].m_Mode
      value: 6
      objectReference: {fileID: 0}
    - target: {fileID: 537608837356859657, guid: b622731a284de7e4cbe492b06c0cf147, type: 3}
      propertyPath: m_OnClick.m_PersistentCalls.m_Calls.Array.data[0].m_Target
      value: 
      objectReference: {fileID: 7782402636784199874}
    - target: {fileID: 537608837356859657, guid: b622731a284de7e4cbe492b06c0cf147, type: 3}
      propertyPath: m_OnClick.m_PersistentCalls.m_Calls.Array.data[1].m_Target
      value: 
      objectReference: {fileID: 9090089041579641333}
    - target: {fileID: 537608837356859657, guid: b622731a284de7e4cbe492b06c0cf147, type: 3}
      propertyPath: m_OnClick.m_PersistentCalls.m_Calls.Array.data[2].m_Target
      value: 
      objectReference: {fileID: 5284387988880202161}
    - target: {fileID: 537608837356859657, guid: b622731a284de7e4cbe492b06c0cf147, type: 3}
      propertyPath: m_OnClick.m_PersistentCalls.m_Calls.Array.data[3].m_Target
      value: 
      objectReference: {fileID: 4605431156178937350}
    - target: {fileID: 537608837356859657, guid: b622731a284de7e4cbe492b06c0cf147, type: 3}
      propertyPath: m_OnClick.m_PersistentCalls.m_Calls.Array.data[4].m_Target
      value: 
      objectReference: {fileID: 871464159258226623}
    - target: {fileID: 537608837356859657, guid: b622731a284de7e4cbe492b06c0cf147, type: 3}
      propertyPath: m_OnClick.m_PersistentCalls.m_Calls.Array.data[0].m_CallState
      value: 2
      objectReference: {fileID: 0}
    - target: {fileID: 537608837356859657, guid: b622731a284de7e4cbe492b06c0cf147, type: 3}
      propertyPath: m_OnClick.m_PersistentCalls.m_Calls.Array.data[1].m_CallState
      value: 2
      objectReference: {fileID: 0}
    - target: {fileID: 537608837356859657, guid: b622731a284de7e4cbe492b06c0cf147, type: 3}
      propertyPath: m_OnClick.m_PersistentCalls.m_Calls.Array.data[2].m_CallState
      value: 2
      objectReference: {fileID: 0}
    - target: {fileID: 537608837356859657, guid: b622731a284de7e4cbe492b06c0cf147, type: 3}
      propertyPath: m_OnClick.m_PersistentCalls.m_Calls.Array.data[3].m_CallState
      value: 2
      objectReference: {fileID: 0}
    - target: {fileID: 537608837356859657, guid: b622731a284de7e4cbe492b06c0cf147, type: 3}
      propertyPath: m_OnClick.m_PersistentCalls.m_Calls.Array.data[4].m_CallState
      value: 2
      objectReference: {fileID: 0}
    - target: {fileID: 537608837356859657, guid: b622731a284de7e4cbe492b06c0cf147, type: 3}
      propertyPath: m_OnClick.m_PersistentCalls.m_Calls.Array.data[0].m_MethodName
      value: SetActive
      objectReference: {fileID: 0}
    - target: {fileID: 537608837356859657, guid: b622731a284de7e4cbe492b06c0cf147, type: 3}
      propertyPath: m_OnClick.m_PersistentCalls.m_Calls.Array.data[1].m_MethodName
      value: SetActive
      objectReference: {fileID: 0}
    - target: {fileID: 537608837356859657, guid: b622731a284de7e4cbe492b06c0cf147, type: 3}
      propertyPath: m_OnClick.m_PersistentCalls.m_Calls.Array.data[2].m_MethodName
      value: SetActive
      objectReference: {fileID: 0}
    - target: {fileID: 537608837356859657, guid: b622731a284de7e4cbe492b06c0cf147, type: 3}
      propertyPath: m_OnClick.m_PersistentCalls.m_Calls.Array.data[3].m_MethodName
      value: SetActive
      objectReference: {fileID: 0}
    - target: {fileID: 537608837356859657, guid: b622731a284de7e4cbe492b06c0cf147, type: 3}
      propertyPath: m_OnClick.m_PersistentCalls.m_Calls.Array.data[4].m_MethodName
      value: SetActive
      objectReference: {fileID: 0}
    - target: {fileID: 537608837356859657, guid: b622731a284de7e4cbe492b06c0cf147, type: 3}
      propertyPath: m_OnClick.m_PersistentCalls.m_Calls.Array.data[0].m_TargetAssemblyTypeName
      value: UnityEngine.GameObject, UnityEngine
      objectReference: {fileID: 0}
    - target: {fileID: 537608837356859657, guid: b622731a284de7e4cbe492b06c0cf147, type: 3}
      propertyPath: m_OnClick.m_PersistentCalls.m_Calls.Array.data[1].m_TargetAssemblyTypeName
      value: UnityEngine.GameObject, UnityEngine
      objectReference: {fileID: 0}
    - target: {fileID: 537608837356859657, guid: b622731a284de7e4cbe492b06c0cf147, type: 3}
      propertyPath: m_OnClick.m_PersistentCalls.m_Calls.Array.data[2].m_TargetAssemblyTypeName
      value: UnityEngine.GameObject, UnityEngine
      objectReference: {fileID: 0}
    - target: {fileID: 537608837356859657, guid: b622731a284de7e4cbe492b06c0cf147, type: 3}
      propertyPath: m_OnClick.m_PersistentCalls.m_Calls.Array.data[3].m_TargetAssemblyTypeName
      value: UnityEngine.GameObject, UnityEngine
      objectReference: {fileID: 0}
    - target: {fileID: 537608837356859657, guid: b622731a284de7e4cbe492b06c0cf147, type: 3}
      propertyPath: m_OnClick.m_PersistentCalls.m_Calls.Array.data[4].m_TargetAssemblyTypeName
      value: UnityEngine.GameObject, UnityEngine
      objectReference: {fileID: 0}
    - target: {fileID: 537608837356859657, guid: b622731a284de7e4cbe492b06c0cf147, type: 3}
      propertyPath: m_OnClick.m_PersistentCalls.m_Calls.Array.data[1].m_Arguments.m_BoolArgument
      value: 1
      objectReference: {fileID: 0}
    - target: {fileID: 537608837356859657, guid: b622731a284de7e4cbe492b06c0cf147, type: 3}
      propertyPath: m_OnClick.m_PersistentCalls.m_Calls.Array.data[2].m_Arguments.m_BoolArgument
      value: 1
      objectReference: {fileID: 0}
    - target: {fileID: 537608837356859657, guid: b622731a284de7e4cbe492b06c0cf147, type: 3}
      propertyPath: m_OnClick.m_PersistentCalls.m_Calls.Array.data[3].m_Arguments.m_BoolArgument
      value: 1
      objectReference: {fileID: 0}
    - target: {fileID: 537608837356859657, guid: b622731a284de7e4cbe492b06c0cf147, type: 3}
      propertyPath: m_OnClick.m_PersistentCalls.m_Calls.Array.data[4].m_Arguments.m_BoolArgument
      value: 1
      objectReference: {fileID: 0}
    - target: {fileID: 537608837356859657, guid: b622731a284de7e4cbe492b06c0cf147, type: 3}
      propertyPath: m_OnClick.m_PersistentCalls.m_Calls.Array.data[0].m_Arguments.m_ObjectArgumentAssemblyTypeName
      value: UnityEngine.Object, UnityEngine
      objectReference: {fileID: 0}
    - target: {fileID: 537608837356859657, guid: b622731a284de7e4cbe492b06c0cf147, type: 3}
      propertyPath: m_OnClick.m_PersistentCalls.m_Calls.Array.data[1].m_Arguments.m_ObjectArgumentAssemblyTypeName
      value: UnityEngine.Object, UnityEngine
      objectReference: {fileID: 0}
    - target: {fileID: 537608837356859657, guid: b622731a284de7e4cbe492b06c0cf147, type: 3}
      propertyPath: m_OnClick.m_PersistentCalls.m_Calls.Array.data[2].m_Arguments.m_ObjectArgumentAssemblyTypeName
      value: UnityEngine.Object, UnityEngine
      objectReference: {fileID: 0}
    - target: {fileID: 537608837356859657, guid: b622731a284de7e4cbe492b06c0cf147, type: 3}
      propertyPath: m_OnClick.m_PersistentCalls.m_Calls.Array.data[3].m_Arguments.m_ObjectArgumentAssemblyTypeName
      value: UnityEngine.Object, UnityEngine
      objectReference: {fileID: 0}
    - target: {fileID: 537608837356859657, guid: b622731a284de7e4cbe492b06c0cf147, type: 3}
      propertyPath: m_OnClick.m_PersistentCalls.m_Calls.Array.data[4].m_Arguments.m_ObjectArgumentAssemblyTypeName
      value: UnityEngine.Object, UnityEngine
      objectReference: {fileID: 0}
    - target: {fileID: 537608838157353934, guid: b622731a284de7e4cbe492b06c0cf147, type: 3}
      propertyPath: m_AnchorMax.y
      value: 1
      objectReference: {fileID: 0}
    - target: {fileID: 537608838484489272, guid: b622731a284de7e4cbe492b06c0cf147, type: 3}
      propertyPath: m_AnchorMax.y
      value: 1
      objectReference: {fileID: 0}
    - target: {fileID: 3233988974944472519, guid: b622731a284de7e4cbe492b06c0cf147, type: 3}
      propertyPath: m_AnchorMax.y
      value: 1
      objectReference: {fileID: 0}
    m_RemovedComponents: []
  m_SourcePrefab: {fileID: 100100000, guid: b622731a284de7e4cbe492b06c0cf147, type: 3}
--- !u!1 &7782402636784199874 stripped
GameObject:
  m_CorrespondingSourceObject: {fileID: 537608837323553289, guid: b622731a284de7e4cbe492b06c0cf147, type: 3}
  m_PrefabInstance: {fileID: 7743198027662365387}
  m_PrefabAsset: {fileID: 0}
--- !u!224 &7782402636784199875 stripped
RectTransform:
  m_CorrespondingSourceObject: {fileID: 537608837323553288, guid: b622731a284de7e4cbe492b06c0cf147, type: 3}
  m_PrefabInstance: {fileID: 7743198027662365387}
  m_PrefabAsset: {fileID: 0}
