%YAML 1.1
%TAG !u! tag:unity3d.com,2011:
--- !u!1 &127049157808616922
GameObject:
  m_ObjectHideFlags: 0
  m_CorrespondingSourceObject: {fileID: 0}
  m_PrefabInstance: {fileID: 0}
  m_PrefabAsset: {fileID: 0}
  serializedVersion: 6
  m_Component:
  - component: {fileID: 7894051073114701621}
  - component: {fileID: 8904342544821413958}
  - component: {fileID: 8853136113827861654}
  - component: {fileID: 3481023264112656393}
  m_Layer: 0
  m_Name: NetworkedCameraTerminal
  m_TagString: Untagged
  m_Icon: {fileID: 0}
  m_NavMeshLayer: 0
  m_StaticEditorFlags: 0
  m_IsActive: 1
--- !u!4 &7894051073114701621
Transform:
  m_ObjectHideFlags: 0
  m_CorrespondingSourceObject: {fileID: 0}
  m_PrefabInstance: {fileID: 0}
  m_PrefabAsset: {fileID: 0}
  m_GameObject: {fileID: 127049157808616922}
  m_LocalRotation: {x: 0, y: 1, z: 0, w: 0}
  m_LocalPosition: {x: 0, y: 0, z: 0}
  m_LocalScale: {x: 1, y: 1, z: 1}
  m_Children:
  - {fileID: 9106611934088644545}
  m_Father: {fileID: 0}
  m_RootOrder: 0
  m_LocalEulerAnglesHint: {x: 0, y: 180, z: 0}
--- !u!65 &8904342544821413958
BoxCollider:
  m_ObjectHideFlags: 0
  m_CorrespondingSourceObject: {fileID: 0}
  m_PrefabInstance: {fileID: 0}
  m_PrefabAsset: {fileID: 0}
  m_GameObject: {fileID: 127049157808616922}
  m_Material: {fileID: 0}
  m_IsTrigger: 1
  m_Enabled: 1
  serializedVersion: 2
  m_Size: {x: 3, y: 2.363189, z: 3}
  m_Center: {x: 0, y: 1.134802, z: 0}
--- !u!114 &8853136113827861654
MonoBehaviour:
  m_ObjectHideFlags: 0
  m_CorrespondingSourceObject: {fileID: 0}
  m_PrefabInstance: {fileID: 0}
  m_PrefabAsset: {fileID: 0}
  m_GameObject: {fileID: 127049157808616922}
  m_Enabled: 1
  m_EditorHideFlags: 0
  m_Script: {fileID: 11500000, guid: 9b91ecbcc199f4492b9a91e820070131, type: 3}
  m_Name: 
  m_EditorClassIdentifier: 
  sceneId: 0
  serverOnly: 0
  m_AssetId: 
  hasSpawned: 0
--- !u!114 &3481023264112656393
MonoBehaviour:
  m_ObjectHideFlags: 0
  m_CorrespondingSourceObject: {fileID: 0}
  m_PrefabInstance: {fileID: 0}
  m_PrefabAsset: {fileID: 0}
  m_GameObject: {fileID: 127049157808616922}
  m_Enabled: 1
  m_EditorHideFlags: 0
  m_Script: {fileID: 11500000, guid: da45dbdbdf04d7e4c8fab5c9b1af3783, type: 3}
  m_Name: 
  m_EditorClassIdentifier: 
  syncMode: 0
  syncInterval: 0.1
  cryptedNetwork: 0
  interactingStateNetwork: 0
--- !u!1001 &4277513250422879810
PrefabInstance:
  m_ObjectHideFlags: 0
  serializedVersion: 2
  m_Modification:
    m_TransformParent: {fileID: 7894051073114701621}
    m_Modifications:
    - target: {fileID: 247557806370833727, guid: da8bdc4de3b56e34f9ad92ebdfd8f3ef, type: 3}
      propertyPath: m_AnchorMax.y
      value: 0
      objectReference: {fileID: 0}
    - target: {fileID: 247557806370833727, guid: da8bdc4de3b56e34f9ad92ebdfd8f3ef, type: 3}
      propertyPath: m_AnchorMin.y
      value: 0
      objectReference: {fileID: 0}
    - target: {fileID: 247557806370833727, guid: da8bdc4de3b56e34f9ad92ebdfd8f3ef, type: 3}
      propertyPath: m_AnchoredPosition.x
      value: 0
      objectReference: {fileID: 0}
    - target: {fileID: 247557806370833727, guid: da8bdc4de3b56e34f9ad92ebdfd8f3ef, type: 3}
      propertyPath: m_AnchoredPosition.y
      value: 0
      objectReference: {fileID: 0}
    - target: {fileID: 884282146127376117, guid: da8bdc4de3b56e34f9ad92ebdfd8f3ef, type: 3}
      propertyPath: m_AnchorMax.y
      value: 0
      objectReference: {fileID: 0}
    - target: {fileID: 884282146127376117, guid: da8bdc4de3b56e34f9ad92ebdfd8f3ef, type: 3}
      propertyPath: m_AnchorMin.y
      value: 0
      objectReference: {fileID: 0}
    - target: {fileID: 884282146127376117, guid: da8bdc4de3b56e34f9ad92ebdfd8f3ef, type: 3}
      propertyPath: m_AnchoredPosition.y
      value: 0
      objectReference: {fileID: 0}
    - target: {fileID: 1095144224883867845, guid: da8bdc4de3b56e34f9ad92ebdfd8f3ef, type: 3}
      propertyPath: m_AnchorMax.y
      value: 0
      objectReference: {fileID: 0}
    - target: {fileID: 1095144224883867845, guid: da8bdc4de3b56e34f9ad92ebdfd8f3ef, type: 3}
      propertyPath: m_AnchorMin.y
      value: 0
      objectReference: {fileID: 0}
    - target: {fileID: 1095144224883867845, guid: da8bdc4de3b56e34f9ad92ebdfd8f3ef, type: 3}
      propertyPath: m_AnchoredPosition.y
      value: 0
      objectReference: {fileID: 0}
    - target: {fileID: 1204249100579805721, guid: da8bdc4de3b56e34f9ad92ebdfd8f3ef, type: 3}
      propertyPath: m_AnchorMax.y
      value: 0
      objectReference: {fileID: 0}
    - target: {fileID: 1204249100579805721, guid: da8bdc4de3b56e34f9ad92ebdfd8f3ef, type: 3}
      propertyPath: m_AnchorMin.y
      value: 0
      objectReference: {fileID: 0}
    - target: {fileID: 1204249100579805721, guid: da8bdc4de3b56e34f9ad92ebdfd8f3ef, type: 3}
      propertyPath: m_AnchoredPosition.x
      value: 0
      objectReference: {fileID: 0}
    - target: {fileID: 1204249100579805721, guid: da8bdc4de3b56e34f9ad92ebdfd8f3ef, type: 3}
      propertyPath: m_AnchoredPosition.y
      value: 0
      objectReference: {fileID: 0}
    - target: {fileID: 1211632943329064911, guid: da8bdc4de3b56e34f9ad92ebdfd8f3ef, type: 3}
      propertyPath: m_AnchorMax.y
      value: 0
      objectReference: {fileID: 0}
    - target: {fileID: 1211632943329064911, guid: da8bdc4de3b56e34f9ad92ebdfd8f3ef, type: 3}
      propertyPath: m_AnchorMin.y
      value: 0
      objectReference: {fileID: 0}
    - target: {fileID: 1211632943329064911, guid: da8bdc4de3b56e34f9ad92ebdfd8f3ef, type: 3}
      propertyPath: m_AnchoredPosition.x
      value: 0
      objectReference: {fileID: 0}
    - target: {fileID: 1211632943329064911, guid: da8bdc4de3b56e34f9ad92ebdfd8f3ef, type: 3}
      propertyPath: m_AnchoredPosition.y
      value: 0
      objectReference: {fileID: 0}
    - target: {fileID: 1323473154666483527, guid: da8bdc4de3b56e34f9ad92ebdfd8f3ef, type: 3}
      propertyPath: m_AnchorMax.y
      value: 0
      objectReference: {fileID: 0}
    - target: {fileID: 1323473154666483527, guid: da8bdc4de3b56e34f9ad92ebdfd8f3ef, type: 3}
      propertyPath: m_AnchorMin.y
      value: 0
      objectReference: {fileID: 0}
    - target: {fileID: 1323473154666483527, guid: da8bdc4de3b56e34f9ad92ebdfd8f3ef, type: 3}
      propertyPath: m_AnchoredPosition.x
      value: 0
      objectReference: {fileID: 0}
    - target: {fileID: 1323473154666483527, guid: da8bdc4de3b56e34f9ad92ebdfd8f3ef, type: 3}
      propertyPath: m_AnchoredPosition.y
      value: 0
      objectReference: {fileID: 0}
    - target: {fileID: 1380900273736973302, guid: da8bdc4de3b56e34f9ad92ebdfd8f3ef, type: 3}
      propertyPath: m_AnchorMax.y
      value: 0
      objectReference: {fileID: 0}
    - target: {fileID: 1380900273736973302, guid: da8bdc4de3b56e34f9ad92ebdfd8f3ef, type: 3}
      propertyPath: m_AnchorMin.y
      value: 0
      objectReference: {fileID: 0}
    - target: {fileID: 1380900273736973302, guid: da8bdc4de3b56e34f9ad92ebdfd8f3ef, type: 3}
      propertyPath: m_AnchoredPosition.x
      value: 0
      objectReference: {fileID: 0}
    - target: {fileID: 1380900273736973302, guid: da8bdc4de3b56e34f9ad92ebdfd8f3ef, type: 3}
      propertyPath: m_AnchoredPosition.y
      value: 0
      objectReference: {fileID: 0}
    - target: {fileID: 1395178581578951217, guid: da8bdc4de3b56e34f9ad92ebdfd8f3ef, type: 3}
      propertyPath: m_AnchorMax.y
      value: 0
      objectReference: {fileID: 0}
    - target: {fileID: 1395178581578951217, guid: da8bdc4de3b56e34f9ad92ebdfd8f3ef, type: 3}
      propertyPath: m_AnchorMin.y
      value: 0
      objectReference: {fileID: 0}
    - target: {fileID: 1395178581578951217, guid: da8bdc4de3b56e34f9ad92ebdfd8f3ef, type: 3}
      propertyPath: m_AnchoredPosition.x
      value: 0
      objectReference: {fileID: 0}
    - target: {fileID: 1395178581578951217, guid: da8bdc4de3b56e34f9ad92ebdfd8f3ef, type: 3}
      propertyPath: m_AnchoredPosition.y
      value: 0
      objectReference: {fileID: 0}
    - target: {fileID: 1494342936952452119, guid: da8bdc4de3b56e34f9ad92ebdfd8f3ef, type: 3}
      propertyPath: m_AnchorMax.y
      value: 0
      objectReference: {fileID: 0}
    - target: {fileID: 1494342936952452119, guid: da8bdc4de3b56e34f9ad92ebdfd8f3ef, type: 3}
      propertyPath: m_AnchorMin.y
      value: 0
      objectReference: {fileID: 0}
    - target: {fileID: 1494342936952452119, guid: da8bdc4de3b56e34f9ad92ebdfd8f3ef, type: 3}
      propertyPath: m_AnchoredPosition.x
      value: 0
      objectReference: {fileID: 0}
    - target: {fileID: 1494342936952452119, guid: da8bdc4de3b56e34f9ad92ebdfd8f3ef, type: 3}
      propertyPath: m_AnchoredPosition.y
      value: 0
      objectReference: {fileID: 0}
    - target: {fileID: 1818218889743139276, guid: da8bdc4de3b56e34f9ad92ebdfd8f3ef, type: 3}
      propertyPath: m_AnchorMax.y
      value: 0
      objectReference: {fileID: 0}
    - target: {fileID: 1818218889743139276, guid: da8bdc4de3b56e34f9ad92ebdfd8f3ef, type: 3}
      propertyPath: m_AnchorMin.y
      value: 0
      objectReference: {fileID: 0}
    - target: {fileID: 1818218889743139276, guid: da8bdc4de3b56e34f9ad92ebdfd8f3ef, type: 3}
      propertyPath: m_AnchoredPosition.x
      value: 0
      objectReference: {fileID: 0}
    - target: {fileID: 1818218889743139276, guid: da8bdc4de3b56e34f9ad92ebdfd8f3ef, type: 3}
      propertyPath: m_AnchoredPosition.y
      value: 0
      objectReference: {fileID: 0}
    - target: {fileID: 2040958048973958877, guid: da8bdc4de3b56e34f9ad92ebdfd8f3ef, type: 3}
      propertyPath: m_LocalRotation.w
      value: 0.92387956
      objectReference: {fileID: 0}
    - target: {fileID: 2040958048973958877, guid: da8bdc4de3b56e34f9ad92ebdfd8f3ef, type: 3}
      propertyPath: m_LocalRotation.x
      value: 0.38268343
      objectReference: {fileID: 0}
    - target: {fileID: 2040958048973958877, guid: da8bdc4de3b56e34f9ad92ebdfd8f3ef, type: 3}
      propertyPath: m_LocalRotation.y
      value: 0
      objectReference: {fileID: 0}
    - target: {fileID: 2040958048973958877, guid: da8bdc4de3b56e34f9ad92ebdfd8f3ef, type: 3}
      propertyPath: m_LocalRotation.z
      value: 0
      objectReference: {fileID: 0}
    - target: {fileID: 2040958048973958877, guid: da8bdc4de3b56e34f9ad92ebdfd8f3ef, type: 3}
      propertyPath: m_LocalEulerAnglesHint.y
      value: 0
      objectReference: {fileID: 0}
    - target: {fileID: 2196362177648977228, guid: da8bdc4de3b56e34f9ad92ebdfd8f3ef, type: 3}
      propertyPath: m_AnchorMax.y
      value: 0
      objectReference: {fileID: 0}
    - target: {fileID: 2196362177648977228, guid: da8bdc4de3b56e34f9ad92ebdfd8f3ef, type: 3}
      propertyPath: m_AnchorMin.y
      value: 0
      objectReference: {fileID: 0}
    - target: {fileID: 2196362177648977228, guid: da8bdc4de3b56e34f9ad92ebdfd8f3ef, type: 3}
      propertyPath: m_AnchoredPosition.y
      value: 0
      objectReference: {fileID: 0}
    - target: {fileID: 2370888326525049060, guid: da8bdc4de3b56e34f9ad92ebdfd8f3ef, type: 3}
      propertyPath: m_AnchorMax.y
      value: 0
      objectReference: {fileID: 0}
    - target: {fileID: 2370888326525049060, guid: da8bdc4de3b56e34f9ad92ebdfd8f3ef, type: 3}
      propertyPath: m_AnchorMin.y
      value: 0
      objectReference: {fileID: 0}
    - target: {fileID: 2370888326525049060, guid: da8bdc4de3b56e34f9ad92ebdfd8f3ef, type: 3}
      propertyPath: m_AnchoredPosition.x
      value: 0
      objectReference: {fileID: 0}
    - target: {fileID: 2370888326525049060, guid: da8bdc4de3b56e34f9ad92ebdfd8f3ef, type: 3}
      propertyPath: m_AnchoredPosition.y
      value: 0
      objectReference: {fileID: 0}
    - target: {fileID: 2799032444668646722, guid: da8bdc4de3b56e34f9ad92ebdfd8f3ef, type: 3}
      propertyPath: m_AnchorMax.y
      value: 0
      objectReference: {fileID: 0}
    - target: {fileID: 2799032444668646722, guid: da8bdc4de3b56e34f9ad92ebdfd8f3ef, type: 3}
      propertyPath: m_AnchorMin.y
      value: 0
      objectReference: {fileID: 0}
    - target: {fileID: 2799032444668646722, guid: da8bdc4de3b56e34f9ad92ebdfd8f3ef, type: 3}
      propertyPath: m_AnchoredPosition.x
      value: 0
      objectReference: {fileID: 0}
    - target: {fileID: 2799032444668646722, guid: da8bdc4de3b56e34f9ad92ebdfd8f3ef, type: 3}
      propertyPath: m_AnchoredPosition.y
      value: 0
      objectReference: {fileID: 0}
    - target: {fileID: 3021401027372331557, guid: da8bdc4de3b56e34f9ad92ebdfd8f3ef, type: 3}
      propertyPath: m_AnchorMax.y
      value: 0
      objectReference: {fileID: 0}
    - target: {fileID: 3021401027372331557, guid: da8bdc4de3b56e34f9ad92ebdfd8f3ef, type: 3}
      propertyPath: m_AnchorMin.y
      value: 0
      objectReference: {fileID: 0}
    - target: {fileID: 3021401027372331557, guid: da8bdc4de3b56e34f9ad92ebdfd8f3ef, type: 3}
      propertyPath: m_AnchoredPosition.x
      value: 0
      objectReference: {fileID: 0}
    - target: {fileID: 3021401027372331557, guid: da8bdc4de3b56e34f9ad92ebdfd8f3ef, type: 3}
      propertyPath: m_AnchoredPosition.y
      value: 0
      objectReference: {fileID: 0}
    - target: {fileID: 3250321559953691230, guid: da8bdc4de3b56e34f9ad92ebdfd8f3ef, type: 3}
      propertyPath: m_AnchorMax.y
      value: 0
      objectReference: {fileID: 0}
    - target: {fileID: 3250321559953691230, guid: da8bdc4de3b56e34f9ad92ebdfd8f3ef, type: 3}
      propertyPath: m_AnchorMin.y
      value: 0
      objectReference: {fileID: 0}
    - target: {fileID: 3250321559953691230, guid: da8bdc4de3b56e34f9ad92ebdfd8f3ef, type: 3}
      propertyPath: m_AnchoredPosition.y
      value: 0
      objectReference: {fileID: 0}
    - target: {fileID: 3258531327871057658, guid: da8bdc4de3b56e34f9ad92ebdfd8f3ef, type: 3}
      propertyPath: m_AnchorMax.y
      value: 0
      objectReference: {fileID: 0}
    - target: {fileID: 3258531327871057658, guid: da8bdc4de3b56e34f9ad92ebdfd8f3ef, type: 3}
      propertyPath: m_AnchorMin.y
      value: 0
      objectReference: {fileID: 0}
    - target: {fileID: 3258531327871057658, guid: da8bdc4de3b56e34f9ad92ebdfd8f3ef, type: 3}
      propertyPath: m_AnchoredPosition.x
      value: 0
      objectReference: {fileID: 0}
    - target: {fileID: 3258531327871057658, guid: da8bdc4de3b56e34f9ad92ebdfd8f3ef, type: 3}
      propertyPath: m_AnchoredPosition.y
      value: 0
      objectReference: {fileID: 0}
    - target: {fileID: 3451226723931237278, guid: da8bdc4de3b56e34f9ad92ebdfd8f3ef, type: 3}
      propertyPath: m_AnchorMax.y
      value: 0
      objectReference: {fileID: 0}
    - target: {fileID: 3451226723931237278, guid: da8bdc4de3b56e34f9ad92ebdfd8f3ef, type: 3}
      propertyPath: m_AnchorMin.y
      value: 0
      objectReference: {fileID: 0}
    - target: {fileID: 3451226723931237278, guid: da8bdc4de3b56e34f9ad92ebdfd8f3ef, type: 3}
      propertyPath: m_AnchoredPosition.x
      value: 0
      objectReference: {fileID: 0}
    - target: {fileID: 3451226723931237278, guid: da8bdc4de3b56e34f9ad92ebdfd8f3ef, type: 3}
      propertyPath: m_AnchoredPosition.y
      value: 0
      objectReference: {fileID: 0}
    - target: {fileID: 3530888738547149165, guid: da8bdc4de3b56e34f9ad92ebdfd8f3ef, type: 3}
      propertyPath: m_AnchorMax.y
      value: 0
      objectReference: {fileID: 0}
    - target: {fileID: 3530888738547149165, guid: da8bdc4de3b56e34f9ad92ebdfd8f3ef, type: 3}
      propertyPath: m_AnchorMin.y
      value: 0
      objectReference: {fileID: 0}
    - target: {fileID: 3530888738547149165, guid: da8bdc4de3b56e34f9ad92ebdfd8f3ef, type: 3}
      propertyPath: m_AnchoredPosition.x
      value: 0
      objectReference: {fileID: 0}
    - target: {fileID: 3530888738547149165, guid: da8bdc4de3b56e34f9ad92ebdfd8f3ef, type: 3}
      propertyPath: m_AnchoredPosition.y
      value: 0
      objectReference: {fileID: 0}
    - target: {fileID: 3647801138808866946, guid: da8bdc4de3b56e34f9ad92ebdfd8f3ef, type: 3}
      propertyPath: m_AnchorMax.y
      value: 0
      objectReference: {fileID: 0}
    - target: {fileID: 3647801138808866946, guid: da8bdc4de3b56e34f9ad92ebdfd8f3ef, type: 3}
      propertyPath: m_AnchorMin.y
      value: 0
      objectReference: {fileID: 0}
    - target: {fileID: 3647801138808866946, guid: da8bdc4de3b56e34f9ad92ebdfd8f3ef, type: 3}
      propertyPath: m_AnchoredPosition.x
      value: 0
      objectReference: {fileID: 0}
    - target: {fileID: 3647801138808866946, guid: da8bdc4de3b56e34f9ad92ebdfd8f3ef, type: 3}
      propertyPath: m_AnchoredPosition.y
      value: 0
      objectReference: {fileID: 0}
    - target: {fileID: 3960667741687150305, guid: da8bdc4de3b56e34f9ad92ebdfd8f3ef, type: 3}
      propertyPath: m_AnchorMax.y
      value: 0
      objectReference: {fileID: 0}
    - target: {fileID: 3960667741687150305, guid: da8bdc4de3b56e34f9ad92ebdfd8f3ef, type: 3}
      propertyPath: m_AnchorMin.y
      value: 0
      objectReference: {fileID: 0}
    - target: {fileID: 3960667741687150305, guid: da8bdc4de3b56e34f9ad92ebdfd8f3ef, type: 3}
      propertyPath: m_AnchoredPosition.y
      value: 0
      objectReference: {fileID: 0}
    - target: {fileID: 4093328358743759987, guid: da8bdc4de3b56e34f9ad92ebdfd8f3ef, type: 3}
      propertyPath: m_AnchorMax.y
      value: 0
      objectReference: {fileID: 0}
    - target: {fileID: 4093328358743759987, guid: da8bdc4de3b56e34f9ad92ebdfd8f3ef, type: 3}
      propertyPath: m_AnchorMin.y
      value: 0
      objectReference: {fileID: 0}
    - target: {fileID: 4093328358743759987, guid: da8bdc4de3b56e34f9ad92ebdfd8f3ef, type: 3}
      propertyPath: m_AnchoredPosition.x
      value: 0
      objectReference: {fileID: 0}
    - target: {fileID: 4093328358743759987, guid: da8bdc4de3b56e34f9ad92ebdfd8f3ef, type: 3}
      propertyPath: m_AnchoredPosition.y
      value: 0
      objectReference: {fileID: 0}
    - target: {fileID: 4113879248201415344, guid: da8bdc4de3b56e34f9ad92ebdfd8f3ef, type: 3}
      propertyPath: m_AnchorMax.y
      value: 0
      objectReference: {fileID: 0}
    - target: {fileID: 4113879248201415344, guid: da8bdc4de3b56e34f9ad92ebdfd8f3ef, type: 3}
      propertyPath: m_AnchorMin.y
      value: 0
      objectReference: {fileID: 0}
    - target: {fileID: 4113879248201415344, guid: da8bdc4de3b56e34f9ad92ebdfd8f3ef, type: 3}
      propertyPath: m_AnchoredPosition.x
      value: 0
      objectReference: {fileID: 0}
    - target: {fileID: 4113879248201415344, guid: da8bdc4de3b56e34f9ad92ebdfd8f3ef, type: 3}
      propertyPath: m_AnchoredPosition.y
      value: 0
      objectReference: {fileID: 0}
    - target: {fileID: 4169936636935241278, guid: da8bdc4de3b56e34f9ad92ebdfd8f3ef, type: 3}
      propertyPath: m_AnchorMax.y
      value: 0
      objectReference: {fileID: 0}
    - target: {fileID: 4169936636935241278, guid: da8bdc4de3b56e34f9ad92ebdfd8f3ef, type: 3}
      propertyPath: m_AnchorMin.y
      value: 0
      objectReference: {fileID: 0}
    - target: {fileID: 4169936636935241278, guid: da8bdc4de3b56e34f9ad92ebdfd8f3ef, type: 3}
      propertyPath: m_AnchoredPosition.x
      value: 0
      objectReference: {fileID: 0}
    - target: {fileID: 4169936636935241278, guid: da8bdc4de3b56e34f9ad92ebdfd8f3ef, type: 3}
      propertyPath: m_AnchoredPosition.y
      value: 0
      objectReference: {fileID: 0}
    - target: {fileID: 4369055901606502315, guid: da8bdc4de3b56e34f9ad92ebdfd8f3ef, type: 3}
      propertyPath: m_AnchorMax.y
      value: 0
      objectReference: {fileID: 0}
    - target: {fileID: 4369055901606502315, guid: da8bdc4de3b56e34f9ad92ebdfd8f3ef, type: 3}
      propertyPath: m_AnchorMin.y
      value: 0
      objectReference: {fileID: 0}
    - target: {fileID: 4369055901606502315, guid: da8bdc4de3b56e34f9ad92ebdfd8f3ef, type: 3}
      propertyPath: m_AnchoredPosition.x
      value: 0
      objectReference: {fileID: 0}
    - target: {fileID: 4369055901606502315, guid: da8bdc4de3b56e34f9ad92ebdfd8f3ef, type: 3}
      propertyPath: m_AnchoredPosition.y
      value: 0
      objectReference: {fileID: 0}
    - target: {fileID: 4388776896713244138, guid: da8bdc4de3b56e34f9ad92ebdfd8f3ef, type: 3}
      propertyPath: m_AnchorMax.y
      value: 0
      objectReference: {fileID: 0}
    - target: {fileID: 4388776896713244138, guid: da8bdc4de3b56e34f9ad92ebdfd8f3ef, type: 3}
      propertyPath: m_AnchorMin.y
      value: 0
      objectReference: {fileID: 0}
    - target: {fileID: 4388776896713244138, guid: da8bdc4de3b56e34f9ad92ebdfd8f3ef, type: 3}
      propertyPath: m_AnchoredPosition.x
      value: 0
      objectReference: {fileID: 0}
    - target: {fileID: 4388776896713244138, guid: da8bdc4de3b56e34f9ad92ebdfd8f3ef, type: 3}
      propertyPath: m_AnchoredPosition.y
      value: 0
      objectReference: {fileID: 0}
    - target: {fileID: 4480940195423135523, guid: da8bdc4de3b56e34f9ad92ebdfd8f3ef, type: 3}
      propertyPath: m_AnchorMax.y
      value: 0
      objectReference: {fileID: 0}
    - target: {fileID: 4480940195423135523, guid: da8bdc4de3b56e34f9ad92ebdfd8f3ef, type: 3}
      propertyPath: m_AnchorMin.y
      value: 0
      objectReference: {fileID: 0}
    - target: {fileID: 4480940195423135523, guid: da8bdc4de3b56e34f9ad92ebdfd8f3ef, type: 3}
      propertyPath: m_AnchoredPosition.x
      value: 0
      objectReference: {fileID: 0}
    - target: {fileID: 4480940195423135523, guid: da8bdc4de3b56e34f9ad92ebdfd8f3ef, type: 3}
      propertyPath: m_AnchoredPosition.y
      value: 0
      objectReference: {fileID: 0}
    - target: {fileID: 4875311645042679685, guid: da8bdc4de3b56e34f9ad92ebdfd8f3ef, type: 3}
      propertyPath: m_AnchorMax.y
      value: 0
      objectReference: {fileID: 0}
    - target: {fileID: 4875311645042679685, guid: da8bdc4de3b56e34f9ad92ebdfd8f3ef, type: 3}
      propertyPath: m_AnchorMin.y
      value: 0
      objectReference: {fileID: 0}
    - target: {fileID: 4875311645042679685, guid: da8bdc4de3b56e34f9ad92ebdfd8f3ef, type: 3}
      propertyPath: m_AnchoredPosition.x
      value: 0
      objectReference: {fileID: 0}
    - target: {fileID: 4875311645042679685, guid: da8bdc4de3b56e34f9ad92ebdfd8f3ef, type: 3}
      propertyPath: m_AnchoredPosition.y
      value: 0
      objectReference: {fileID: 0}
    - target: {fileID: 4989400068073501059, guid: da8bdc4de3b56e34f9ad92ebdfd8f3ef, type: 3}
      propertyPath: m_RootOrder
      value: 0
      objectReference: {fileID: 0}
    - target: {fileID: 4989400068073501059, guid: da8bdc4de3b56e34f9ad92ebdfd8f3ef, type: 3}
      propertyPath: m_LocalPosition.x
      value: 0
      objectReference: {fileID: 0}
    - target: {fileID: 4989400068073501059, guid: da8bdc4de3b56e34f9ad92ebdfd8f3ef, type: 3}
      propertyPath: m_LocalPosition.y
      value: 0
      objectReference: {fileID: 0}
    - target: {fileID: 4989400068073501059, guid: da8bdc4de3b56e34f9ad92ebdfd8f3ef, type: 3}
      propertyPath: m_LocalPosition.z
      value: 0
      objectReference: {fileID: 0}
    - target: {fileID: 4989400068073501059, guid: da8bdc4de3b56e34f9ad92ebdfd8f3ef, type: 3}
      propertyPath: m_LocalRotation.w
      value: 1
      objectReference: {fileID: 0}
    - target: {fileID: 4989400068073501059, guid: da8bdc4de3b56e34f9ad92ebdfd8f3ef, type: 3}
      propertyPath: m_LocalRotation.x
      value: 0
      objectReference: {fileID: 0}
    - target: {fileID: 4989400068073501059, guid: da8bdc4de3b56e34f9ad92ebdfd8f3ef, type: 3}
      propertyPath: m_LocalRotation.y
      value: 0
      objectReference: {fileID: 0}
    - target: {fileID: 4989400068073501059, guid: da8bdc4de3b56e34f9ad92ebdfd8f3ef, type: 3}
      propertyPath: m_LocalRotation.z
      value: 0
      objectReference: {fileID: 0}
    - target: {fileID: 4989400068073501059, guid: da8bdc4de3b56e34f9ad92ebdfd8f3ef, type: 3}
      propertyPath: m_LocalEulerAnglesHint.x
      value: 0
      objectReference: {fileID: 0}
    - target: {fileID: 4989400068073501059, guid: da8bdc4de3b56e34f9ad92ebdfd8f3ef, type: 3}
      propertyPath: m_LocalEulerAnglesHint.y
      value: 0
      objectReference: {fileID: 0}
    - target: {fileID: 4989400068073501059, guid: da8bdc4de3b56e34f9ad92ebdfd8f3ef, type: 3}
      propertyPath: m_LocalEulerAnglesHint.z
      value: 0
      objectReference: {fileID: 0}
    - target: {fileID: 4989400068073501063, guid: da8bdc4de3b56e34f9ad92ebdfd8f3ef, type: 3}
      propertyPath: m_Name
      value: CameraTerminal
      objectReference: {fileID: 0}
    - target: {fileID: 5453264785895123141, guid: da8bdc4de3b56e34f9ad92ebdfd8f3ef, type: 3}
      propertyPath: m_LocalRotation.w
      value: 0
      objectReference: {fileID: 0}
    - target: {fileID: 5453264785895123141, guid: da8bdc4de3b56e34f9ad92ebdfd8f3ef, type: 3}
      propertyPath: m_LocalRotation.y
      value: 1
      objectReference: {fileID: 0}
    - target: {fileID: 5453264785895123141, guid: da8bdc4de3b56e34f9ad92ebdfd8f3ef, type: 3}
      propertyPath: m_LocalEulerAnglesHint.y
      value: 180
      objectReference: {fileID: 0}
    - target: {fileID: 5499621164159920698, guid: da8bdc4de3b56e34f9ad92ebdfd8f3ef, type: 3}
      propertyPath: m_AnchorMax.y
      value: 0
      objectReference: {fileID: 0}
    - target: {fileID: 5499621164159920698, guid: da8bdc4de3b56e34f9ad92ebdfd8f3ef, type: 3}
      propertyPath: m_AnchorMin.y
      value: 0
      objectReference: {fileID: 0}
    - target: {fileID: 5499621164159920698, guid: da8bdc4de3b56e34f9ad92ebdfd8f3ef, type: 3}
      propertyPath: m_AnchoredPosition.x
      value: 0
      objectReference: {fileID: 0}
    - target: {fileID: 5499621164159920698, guid: da8bdc4de3b56e34f9ad92ebdfd8f3ef, type: 3}
      propertyPath: m_AnchoredPosition.y
      value: 0
      objectReference: {fileID: 0}
    - target: {fileID: 5524430378283887871, guid: da8bdc4de3b56e34f9ad92ebdfd8f3ef, type: 3}
      propertyPath: m_AnchorMax.y
      value: 0
      objectReference: {fileID: 0}
    - target: {fileID: 5524430378283887871, guid: da8bdc4de3b56e34f9ad92ebdfd8f3ef, type: 3}
      propertyPath: m_AnchorMin.y
      value: 0
      objectReference: {fileID: 0}
    - target: {fileID: 5524430378283887871, guid: da8bdc4de3b56e34f9ad92ebdfd8f3ef, type: 3}
      propertyPath: m_AnchoredPosition.x
      value: 0
      objectReference: {fileID: 0}
    - target: {fileID: 5524430378283887871, guid: da8bdc4de3b56e34f9ad92ebdfd8f3ef, type: 3}
      propertyPath: m_AnchoredPosition.y
      value: 0
      objectReference: {fileID: 0}
    - target: {fileID: 5654023836723657115, guid: da8bdc4de3b56e34f9ad92ebdfd8f3ef, type: 3}
      propertyPath: m_AnchorMax.y
      value: 0
      objectReference: {fileID: 0}
    - target: {fileID: 5654023836723657115, guid: da8bdc4de3b56e34f9ad92ebdfd8f3ef, type: 3}
      propertyPath: m_AnchorMin.y
      value: 0
      objectReference: {fileID: 0}
    - target: {fileID: 5654023836723657115, guid: da8bdc4de3b56e34f9ad92ebdfd8f3ef, type: 3}
      propertyPath: m_AnchoredPosition.x
      value: 0
      objectReference: {fileID: 0}
    - target: {fileID: 5654023836723657115, guid: da8bdc4de3b56e34f9ad92ebdfd8f3ef, type: 3}
      propertyPath: m_AnchoredPosition.y
      value: 0
      objectReference: {fileID: 0}
    - target: {fileID: 5662997998405209811, guid: da8bdc4de3b56e34f9ad92ebdfd8f3ef, type: 3}
      propertyPath: interactionMessage
      value: 
      objectReference: {fileID: 6843300948241083536}
    - target: {fileID: 6198792288926740169, guid: da8bdc4de3b56e34f9ad92ebdfd8f3ef, type: 3}
      propertyPath: m_AnchorMax.y
      value: 0
      objectReference: {fileID: 0}
    - target: {fileID: 6198792288926740169, guid: da8bdc4de3b56e34f9ad92ebdfd8f3ef, type: 3}
      propertyPath: m_AnchorMin.y
      value: 0
      objectReference: {fileID: 0}
    - target: {fileID: 6198792288926740169, guid: da8bdc4de3b56e34f9ad92ebdfd8f3ef, type: 3}
      propertyPath: m_AnchoredPosition.x
      value: 0
      objectReference: {fileID: 0}
    - target: {fileID: 6198792288926740169, guid: da8bdc4de3b56e34f9ad92ebdfd8f3ef, type: 3}
      propertyPath: m_AnchoredPosition.y
      value: 0
      objectReference: {fileID: 0}
    - target: {fileID: 6313612465582910131, guid: da8bdc4de3b56e34f9ad92ebdfd8f3ef, type: 3}
      propertyPath: m_AnchorMax.y
      value: 0
      objectReference: {fileID: 0}
    - target: {fileID: 6313612465582910131, guid: da8bdc4de3b56e34f9ad92ebdfd8f3ef, type: 3}
      propertyPath: m_AnchorMin.y
      value: 0
      objectReference: {fileID: 0}
    - target: {fileID: 6313612465582910131, guid: da8bdc4de3b56e34f9ad92ebdfd8f3ef, type: 3}
      propertyPath: m_AnchoredPosition.y
      value: 0
      objectReference: {fileID: 0}
    - target: {fileID: 6510216190828756433, guid: da8bdc4de3b56e34f9ad92ebdfd8f3ef, type: 3}
      propertyPath: m_AnchorMax.y
      value: 0
      objectReference: {fileID: 0}
    - target: {fileID: 6510216190828756433, guid: da8bdc4de3b56e34f9ad92ebdfd8f3ef, type: 3}
      propertyPath: m_AnchorMin.y
      value: 0
      objectReference: {fileID: 0}
    - target: {fileID: 6510216190828756433, guid: da8bdc4de3b56e34f9ad92ebdfd8f3ef, type: 3}
      propertyPath: m_AnchoredPosition.x
      value: 0
      objectReference: {fileID: 0}
    - target: {fileID: 6510216190828756433, guid: da8bdc4de3b56e34f9ad92ebdfd8f3ef, type: 3}
      propertyPath: m_AnchoredPosition.y
      value: 0
      objectReference: {fileID: 0}
    - target: {fileID: 6526022642608388447, guid: da8bdc4de3b56e34f9ad92ebdfd8f3ef, type: 3}
      propertyPath: m_AnchorMax.y
      value: 0
      objectReference: {fileID: 0}
    - target: {fileID: 6526022642608388447, guid: da8bdc4de3b56e34f9ad92ebdfd8f3ef, type: 3}
      propertyPath: m_AnchorMin.y
      value: 0
      objectReference: {fileID: 0}
    - target: {fileID: 6526022642608388447, guid: da8bdc4de3b56e34f9ad92ebdfd8f3ef, type: 3}
      propertyPath: m_AnchoredPosition.x
      value: 0
      objectReference: {fileID: 0}
    - target: {fileID: 6526022642608388447, guid: da8bdc4de3b56e34f9ad92ebdfd8f3ef, type: 3}
      propertyPath: m_AnchoredPosition.y
      value: 0
      objectReference: {fileID: 0}
    - target: {fileID: 6912323333864888522, guid: da8bdc4de3b56e34f9ad92ebdfd8f3ef, type: 3}
      propertyPath: m_AnchorMax.y
      value: 0
      objectReference: {fileID: 0}
    - target: {fileID: 6912323333864888522, guid: da8bdc4de3b56e34f9ad92ebdfd8f3ef, type: 3}
      propertyPath: m_AnchorMin.y
      value: 0
      objectReference: {fileID: 0}
    - target: {fileID: 6912323333864888522, guid: da8bdc4de3b56e34f9ad92ebdfd8f3ef, type: 3}
      propertyPath: m_AnchoredPosition.x
      value: 0
      objectReference: {fileID: 0}
    - target: {fileID: 6912323333864888522, guid: da8bdc4de3b56e34f9ad92ebdfd8f3ef, type: 3}
      propertyPath: m_AnchoredPosition.y
      value: 0
      objectReference: {fileID: 0}
    - target: {fileID: 6920716427306859994, guid: da8bdc4de3b56e34f9ad92ebdfd8f3ef, type: 3}
      propertyPath: m_AnchorMax.y
      value: 0
      objectReference: {fileID: 0}
    - target: {fileID: 6920716427306859994, guid: da8bdc4de3b56e34f9ad92ebdfd8f3ef, type: 3}
      propertyPath: m_AnchorMin.y
      value: 0
      objectReference: {fileID: 0}
    - target: {fileID: 6920716427306859994, guid: da8bdc4de3b56e34f9ad92ebdfd8f3ef, type: 3}
      propertyPath: m_AnchoredPosition.x
      value: 0
      objectReference: {fileID: 0}
    - target: {fileID: 6920716427306859994, guid: da8bdc4de3b56e34f9ad92ebdfd8f3ef, type: 3}
      propertyPath: m_AnchoredPosition.y
      value: 0
      objectReference: {fileID: 0}
    - target: {fileID: 6926537052245099102, guid: da8bdc4de3b56e34f9ad92ebdfd8f3ef, type: 3}
      propertyPath: m_AnchorMax.y
      value: 0
      objectReference: {fileID: 0}
    - target: {fileID: 6926537052245099102, guid: da8bdc4de3b56e34f9ad92ebdfd8f3ef, type: 3}
      propertyPath: m_AnchorMin.y
      value: 0
      objectReference: {fileID: 0}
    - target: {fileID: 6926537052245099102, guid: da8bdc4de3b56e34f9ad92ebdfd8f3ef, type: 3}
      propertyPath: m_AnchoredPosition.x
      value: 0
      objectReference: {fileID: 0}
    - target: {fileID: 6926537052245099102, guid: da8bdc4de3b56e34f9ad92ebdfd8f3ef, type: 3}
      propertyPath: m_AnchoredPosition.y
      value: 0
      objectReference: {fileID: 0}
    - target: {fileID: 6978376720019784859, guid: da8bdc4de3b56e34f9ad92ebdfd8f3ef, type: 3}
      propertyPath: m_AnchorMax.y
      value: 0
      objectReference: {fileID: 0}
    - target: {fileID: 6978376720019784859, guid: da8bdc4de3b56e34f9ad92ebdfd8f3ef, type: 3}
      propertyPath: m_AnchorMin.y
      value: 0
      objectReference: {fileID: 0}
    - target: {fileID: 6978376720019784859, guid: da8bdc4de3b56e34f9ad92ebdfd8f3ef, type: 3}
      propertyPath: m_AnchoredPosition.x
      value: 0
      objectReference: {fileID: 0}
    - target: {fileID: 6978376720019784859, guid: da8bdc4de3b56e34f9ad92ebdfd8f3ef, type: 3}
      propertyPath: m_AnchoredPosition.y
      value: 0
      objectReference: {fileID: 0}
    - target: {fileID: 7063249736934838783, guid: da8bdc4de3b56e34f9ad92ebdfd8f3ef, type: 3}
      propertyPath: m_AnchorMax.y
      value: 0
      objectReference: {fileID: 0}
    - target: {fileID: 7063249736934838783, guid: da8bdc4de3b56e34f9ad92ebdfd8f3ef, type: 3}
      propertyPath: m_AnchorMin.y
      value: 0
      objectReference: {fileID: 0}
    - target: {fileID: 7063249736934838783, guid: da8bdc4de3b56e34f9ad92ebdfd8f3ef, type: 3}
      propertyPath: m_AnchoredPosition.x
      value: 0
      objectReference: {fileID: 0}
    - target: {fileID: 7063249736934838783, guid: da8bdc4de3b56e34f9ad92ebdfd8f3ef, type: 3}
      propertyPath: m_AnchoredPosition.y
      value: 0
      objectReference: {fileID: 0}
    - target: {fileID: 7834460552806414908, guid: da8bdc4de3b56e34f9ad92ebdfd8f3ef, type: 3}
      propertyPath: m_AnchorMax.y
      value: 0
      objectReference: {fileID: 0}
    - target: {fileID: 7834460552806414908, guid: da8bdc4de3b56e34f9ad92ebdfd8f3ef, type: 3}
      propertyPath: m_AnchorMin.y
      value: 0
      objectReference: {fileID: 0}
    - target: {fileID: 7834460552806414908, guid: da8bdc4de3b56e34f9ad92ebdfd8f3ef, type: 3}
      propertyPath: m_AnchoredPosition.x
      value: 0
      objectReference: {fileID: 0}
    - target: {fileID: 7834460552806414908, guid: da8bdc4de3b56e34f9ad92ebdfd8f3ef, type: 3}
      propertyPath: m_AnchoredPosition.y
      value: 0
      objectReference: {fileID: 0}
    - target: {fileID: 7866929456725897895, guid: da8bdc4de3b56e34f9ad92ebdfd8f3ef, type: 3}
      propertyPath: m_AnchorMax.y
      value: 0
      objectReference: {fileID: 0}
    - target: {fileID: 7866929456725897895, guid: da8bdc4de3b56e34f9ad92ebdfd8f3ef, type: 3}
      propertyPath: m_AnchorMin.y
      value: 0
      objectReference: {fileID: 0}
    - target: {fileID: 7866929456725897895, guid: da8bdc4de3b56e34f9ad92ebdfd8f3ef, type: 3}
      propertyPath: m_AnchoredPosition.y
      value: 0
      objectReference: {fileID: 0}
    - target: {fileID: 8059757317782403041, guid: da8bdc4de3b56e34f9ad92ebdfd8f3ef, type: 3}
      propertyPath: m_AnchorMax.y
      value: 0
      objectReference: {fileID: 0}
    - target: {fileID: 8059757317782403041, guid: da8bdc4de3b56e34f9ad92ebdfd8f3ef, type: 3}
      propertyPath: m_AnchorMin.y
      value: 0
      objectReference: {fileID: 0}
    - target: {fileID: 8059757317782403041, guid: da8bdc4de3b56e34f9ad92ebdfd8f3ef, type: 3}
      propertyPath: m_AnchoredPosition.x
      value: 0
      objectReference: {fileID: 0}
    - target: {fileID: 8059757317782403041, guid: da8bdc4de3b56e34f9ad92ebdfd8f3ef, type: 3}
      propertyPath: m_AnchoredPosition.y
      value: 0
      objectReference: {fileID: 0}
    - target: {fileID: 8147692947338692646, guid: da8bdc4de3b56e34f9ad92ebdfd8f3ef, type: 3}
      propertyPath: m_AnchorMax.y
      value: 0
      objectReference: {fileID: 0}
    - target: {fileID: 8147692947338692646, guid: da8bdc4de3b56e34f9ad92ebdfd8f3ef, type: 3}
      propertyPath: m_AnchorMin.y
      value: 0
      objectReference: {fileID: 0}
    - target: {fileID: 8147692947338692646, guid: da8bdc4de3b56e34f9ad92ebdfd8f3ef, type: 3}
      propertyPath: m_AnchoredPosition.x
      value: 0
      objectReference: {fileID: 0}
    - target: {fileID: 8147692947338692646, guid: da8bdc4de3b56e34f9ad92ebdfd8f3ef, type: 3}
      propertyPath: m_AnchoredPosition.y
      value: 0
      objectReference: {fileID: 0}
    - target: {fileID: 8514754031192004021, guid: da8bdc4de3b56e34f9ad92ebdfd8f3ef, type: 3}
      propertyPath: m_AnchorMax.y
      value: 0
      objectReference: {fileID: 0}
    - target: {fileID: 8514754031192004021, guid: da8bdc4de3b56e34f9ad92ebdfd8f3ef, type: 3}
      propertyPath: m_AnchorMin.y
      value: 0
      objectReference: {fileID: 0}
    - target: {fileID: 8514754031192004021, guid: da8bdc4de3b56e34f9ad92ebdfd8f3ef, type: 3}
      propertyPath: m_AnchoredPosition.x
      value: 0
      objectReference: {fileID: 0}
    - target: {fileID: 8514754031192004021, guid: da8bdc4de3b56e34f9ad92ebdfd8f3ef, type: 3}
      propertyPath: m_AnchoredPosition.y
      value: 0
      objectReference: {fileID: 0}
    - target: {fileID: 8566835552610570555, guid: da8bdc4de3b56e34f9ad92ebdfd8f3ef, type: 3}
      propertyPath: m_AnchorMax.y
      value: 0
      objectReference: {fileID: 0}
    - target: {fileID: 8566835552610570555, guid: da8bdc4de3b56e34f9ad92ebdfd8f3ef, type: 3}
      propertyPath: m_AnchorMin.y
      value: 0
      objectReference: {fileID: 0}
    - target: {fileID: 8566835552610570555, guid: da8bdc4de3b56e34f9ad92ebdfd8f3ef, type: 3}
      propertyPath: m_AnchoredPosition.x
      value: 0
      objectReference: {fileID: 0}
    - target: {fileID: 8566835552610570555, guid: da8bdc4de3b56e34f9ad92ebdfd8f3ef, type: 3}
      propertyPath: m_AnchoredPosition.y
      value: 0
      objectReference: {fileID: 0}
    - target: {fileID: 8643384844024771446, guid: da8bdc4de3b56e34f9ad92ebdfd8f3ef, type: 3}
      propertyPath: m_AnchorMax.y
      value: 0
      objectReference: {fileID: 0}
    - target: {fileID: 8643384844024771446, guid: da8bdc4de3b56e34f9ad92ebdfd8f3ef, type: 3}
      propertyPath: m_AnchorMin.y
      value: 0
      objectReference: {fileID: 0}
    - target: {fileID: 8643384844024771446, guid: da8bdc4de3b56e34f9ad92ebdfd8f3ef, type: 3}
      propertyPath: m_AnchoredPosition.x
      value: 0
      objectReference: {fileID: 0}
    - target: {fileID: 8643384844024771446, guid: da8bdc4de3b56e34f9ad92ebdfd8f3ef, type: 3}
      propertyPath: m_AnchoredPosition.y
      value: 0
      objectReference: {fileID: 0}
    - target: {fileID: 8730405281798683769, guid: da8bdc4de3b56e34f9ad92ebdfd8f3ef, type: 3}
      propertyPath: m_IsActive
      value: 0
      objectReference: {fileID: 0}
    - target: {fileID: 8823708567438018221, guid: da8bdc4de3b56e34f9ad92ebdfd8f3ef, type: 3}
      propertyPath: m_AnchorMax.y
      value: 0
      objectReference: {fileID: 0}
    - target: {fileID: 8823708567438018221, guid: da8bdc4de3b56e34f9ad92ebdfd8f3ef, type: 3}
      propertyPath: m_AnchorMin.y
      value: 0
      objectReference: {fileID: 0}
    - target: {fileID: 8823708567438018221, guid: da8bdc4de3b56e34f9ad92ebdfd8f3ef, type: 3}
      propertyPath: m_AnchoredPosition.x
      value: 0
      objectReference: {fileID: 0}
    - target: {fileID: 8823708567438018221, guid: da8bdc4de3b56e34f9ad92ebdfd8f3ef, type: 3}
      propertyPath: m_AnchoredPosition.y
      value: 0
      objectReference: {fileID: 0}
    - target: {fileID: 9156487121992595742, guid: da8bdc4de3b56e34f9ad92ebdfd8f3ef, type: 3}
      propertyPath: m_AnchorMax.y
      value: 0
      objectReference: {fileID: 0}
    - target: {fileID: 9156487121992595742, guid: da8bdc4de3b56e34f9ad92ebdfd8f3ef, type: 3}
      propertyPath: m_AnchorMin.y
      value: 0
      objectReference: {fileID: 0}
    - target: {fileID: 9156487121992595742, guid: da8bdc4de3b56e34f9ad92ebdfd8f3ef, type: 3}
      propertyPath: m_AnchoredPosition.y
      value: 0
      objectReference: {fileID: 0}
    m_RemovedComponents: []
  m_SourcePrefab: {fileID: 100100000, guid: da8bdc4de3b56e34f9ad92ebdfd8f3ef, type: 3}
--- !u!4 &9106611934088644545 stripped
Transform:
  m_CorrespondingSourceObject: {fileID: 4989400068073501059, guid: da8bdc4de3b56e34f9ad92ebdfd8f3ef, type: 3}
  m_PrefabInstance: {fileID: 4277513250422879810}
  m_PrefabAsset: {fileID: 0}
--- !u!114 &6843300948241083536 stripped
MonoBehaviour:
  m_CorrespondingSourceObject: {fileID: 7324135399037311698, guid: da8bdc4de3b56e34f9ad92ebdfd8f3ef, type: 3}
  m_PrefabInstance: {fileID: 4277513250422879810}
  m_PrefabAsset: {fileID: 0}
  m_GameObject: {fileID: 0}
  m_Enabled: 1
  m_EditorHideFlags: 0
  m_Script: {fileID: 11500000, guid: f4688fdb7df04437aeb418b961361dc5, type: 3}
  m_Name: 
  m_EditorClassIdentifier: 
